4338 5554
510 485 583 618 216
1152 521 1346 600 CAPV'I'
1383 524 1411 596 l.

465 709 474 729 ‘
511 699 642 785 penitus
662 701 888 774 connectitur,
908 715 981 760 nam
1000 707 1034 759 st
1051 691 1136 758 hunc
1156 691 1258 764 fuisse
1316 693 1556 777 agonothetae,
1576 694 1623 758 sic
1647 691 1743 756 luere
1764 693 1862 758 etism
1884 695 2074 776 agonothe-

512 801 666 865 ludorum
695 798 966 875 moderatorem,
999 817 1120 861 nomeu
1152 796 1258 880 ipsum
1315 793 1417 871 tides,
1447 794 1643 882 dequibus,
1673 807 1708 858 nt
1732 793 1774 858 de
1792 794 1948 860 universa
1972 796 2072 878 hujus

514 905 691 990 eloquitur.
734 901 873 984 biegnae
913 898 1014 962 luisse
1048 898 1112 962 boc
1143 917 1259 960 munes
1315 899 1521 982 magistratus
1534 898 1678 974 radone,
1694 897 1768 962 ride
1781 897 1823 963 cl.
1833 895 1985 968 Vandsle
2001 895 2050 978 ι’).

514 1004 699 1088 dignitatis,
721 1023 762 1068 ee
781 1014 890 1086 potest
906 1001 1066 1084 intelligi,
1089 997 1178 1084 quod
1194 999 1272 1062 lta-¹
1680 1065 1700 1104 0

514 1107 647 1170 drianns
666 1105 737 1188 ipse
756 1102 892 1166 Athenis
912 1123 972 1185 pro
993 1101 1188 1187 agonotheta
1208 1121 1260 1162 ro·
1572 1111 1597 1151 «θ
1785 1109 1805 1150 0
1904 1127 1908 1134 ·

514 1207 639 1270 sedisse
664 1205 771 1267 fertur
794 1205 835 1286 ¹).
878 1201 994 1266 Fuisse
1017 1204 1193 1267 discrimen
1214 1201 1262 1263 in·
1381 1202 1728 1266 Gnnnaststtcns
1748 1201 1827 1279 luit,
1849 1200 1940 1286 quod
1959 1217 1995 1268 et
2013 1224 2072 1268 ne·

514 1293 568 1372 ter
586 1306 873 1392 panegyriarchsnr
890 1319 926 1368 et
940 1307 1187 1388 agonothetam,
1204 1303 1263 1366 du·
1318 1322 1395 1366 men
1417 1303 1558 1382 indicat,
1579 1326 1750 1387 supremus
1772 1305 1930 1388 gymnasii
1955 1307 2071 1370 mode·

514 1409 614 1472 hitari
642 1409 694 1471 rix
725 1419 853 1490 potest,
884 1427 959 1470 nam
983 1405 1018 1466 ic
1044 1403 1261 1468 marmoribus
1318 1417 1419 1470 rator.
1452 1405 1569 1470 Fuisse
1583 1406 1671 1470 buno
1688 1406 1909 1491 magistratum
1927 1429 2069 1492 magnae

514 1531 593 1576 mox
621 1508 726 1573 citatis
756 1520 931 1591 utrumqne
956 1528 1072 1570 munus
1103 1505 1262 1590 particula
1319 1503 1426 1592 uulgo
1456 1506 1727 1586 existimationis,
1765 1508 1821 1574 rel
1852 1507 1930 1572 inde
1968 1525 2069 1594 patet,

515 1613 602 1676 ΚΑΙ
622 1611 699 1675 satis
727 1608 945 1696 distinguitur.
989 1611 1098 1694 Atque
1119 1609 1183 1672 hoe
1209 1607 1263 1671 ad·
1320 1607 1405 1694 quod
1417 1609 1632 1673 M.Antonins
1647 1611 1759 1685 lllrir,
1777 1610 1942 1694 totiusque
1960 1613 2070 1676 orien-

517 1693 617 1778 misso
638 1731 843 1797 nequaquam
865 1709 1035 1790 dubitem,
1056 1709 1264 1794 panegyriar·
1319 1711 1361 1773 tis
1391 1723 1504 1774 rentes·
1539 1711 1729 1795 promiserit
1759 1711 2003 1790 Tarsensibus,
2033 1733 2066 1777 se

517 1815 612 1880 cham
642 1812 800 1895 dignitate
831 1813 1056 1893 praestitisse,
1088 1811 1134 1876 sic
1161 1823 1198 1874 ut
1222 1809 1264 1874 sd
1319 1809 1407 1896 apud
1427 1831 1483 1876 eos
1502 1812 1766 1896 gymnasiarcbse
1783 1832 1921 1878 munere
1938 1813 2067 1880 metu·

516 1920 605 1980 hunc
622 1933 688 1977 non
706 1914 775 1978 sola
794 1911 946 1976 ludorum
961 1912 1275 1996 procuratioperri-·
1319 1934 1413 1988 rom,
1445 1934 1584 1998 cumque
1611 1915 1683 2000 ipss
1707 1937 1771 2000 per
1793 1936 1830 1980 se
1857 1935 1978 1982 nscsre
2007 1918 2067 1982 boe

516 2031 632 2094 neret,
658 2035 741 2101 quse
759 2013 910 2100 privatim
926 2014 1145 2096 agonothetae
1163 2014 1264 2077 fuerit
1320 2034 1457 2078 munere
1476 2034 1542 2076 nos
1559 2031 1691 2099 posset,
1709 2019 1875 2080 Boethnm
1901 2019 2066 2102 quendam

518 2117 690 2204 imposita,
712 2115 884 2181 sedetiam
901 2113 1149 2192 sacrificiorum,
1172 2115 1263 2180 vieti·
1319 2135 1382 2200 pre
1414 2135 1451 2179 se
1480 2111 1777 2205 ἅντιιγνμνασιαςχον
1809 2117 1984 2184 suffecerii
2020 2143 2067 2184 re·

518 2234 667 2298 marum,
690 2217 836 2283 tolonnis
856 2237 1015 2302 pompae,
1045 2217 1135 2282 forto
1155 2231 1190 2282 et
1212 2216 1264 2281 rei
1320 2217 1424 2300 ceptis
1445 2216 1479 2278 in
1501 2237 1537 2281 se
1559 2215 1784 2282 faciendorum
1808 2235 2000 2306 sumptuum
2020 2245 2068 2286 ra-

519 2321 734 2397 annonarias,
762 2305 893 2404 paucis,
916 2339 1127 2403 quaecunque
1149 2317 1189 2382 sd
1210 2341 1266 2402 pa·
1321 2318 1473 2384 tionibus.
1517 2321 1611 2384 llaec
1636 2321 1754 2385 Strabo
1778 2325 1818 2406 e).
1862 2323 1952 2420 Quid
1983 2327 2067 2410 quod

519 2441 684 2508 negyreos
721 2410 932 2503 splendorem
963 2434 997 2483 et
1022 2420 1192 2494 commoda
1219 2421 1266 2484 ia·
1322 2433 1355 2486 et
1370 2423 1462 2484 Titus
1474 2423 1639 2504 Augustas
1656 2423 1689 2486 in
1705 2445 1868 2491 msrmore
1882 2425 2024 2490 Gruteri
2039 2429 2068 2501 ⁶¹)

522 2545 603 2590 cere
623 2535 786 2610 poterant.
831 2521 1020 2612 Quanquam
1050 2523 1153 2598 haec,
1182 2507 1264 2607 quae
1323 2516 1736 2592 ΑΙῺΝΟΘΕἹἩΣΑΣ.
1756 2527 1826 2590 ΤΟ.
1840 2523 1882 2593 Γ.
1899 2543 1934 2593 et
1948 2523 2069 2592 HM·

519 2624 621 2689 modo
646 2623 734 2701 dixi,
765 2622 819 2688 vix
844 2623 970 2707 possint
991 2623 1031 2686 sd
1053 2644 1168 2688 omnes
1189 2643 1266 2687 con·
1323 2617 1688 2692 ΝΑΣΙΑΡΧΗΣΑΣ.
1722 2628 1852 2696 dicitur.
1912 2631 1956 2694 Et
1989 2651 2069 2694 uero

522 2741 641 2793 ventus
672 2725 806 2807 valere;
836 2747 909 2788 nam
932 2727 1112 2790 verisimile
1134 2739 1203 2804 est,
1231 2725 1266 2786 in
1323 2724 1522 2788 Aristoteles
1546 2746 1677 2812 quoqne
1699 2731 1960 2814 gymnasiarcho
1984 2731 2071 2796 inter

523 2827 706 2895 civitatibus
727 2829 830 2912 magis
848 2827 1011 2912 opulentis
1028 2827 1185 2913 festisque
1201 2848 1269 2892 ma·
1323 2827 1453 2892 urbium
1471 2831 1676 2910 magistratus
1690 2845 1844 2897 recenset
1859 2839 1908 2917 ⁸),
1930 2847 1965 2898 et
1984 2833 2072 2898 inter

522 2931 573 3016 gis
593 2930 777 3015 conspicuis
800 2929 902 2996 divisa
924 2929 1011 2993 inter
1031 2929 1144 3014 plures
1166 2928 1267 2993 luisse
1324 2951 1435 2994 sscros
1460 2929 1592 3015 quidem
1623 2931 1747 3012 fuisse,
1779 2949 1916 3019 apparet
1939 2957 1983 3000 ex
2008 2939 2072 3000 De·

521 3034 655 3110 munia,
689 3052 772 3117 qnae
803 3032 837 3096 in
868 3029 1051 3097 civitatibus
1075 3031 1267 3110 minoribus,
1324 3031 1495 3096 mosthene
1511 3031 1563 3115 s):
1593 3029 1677 3112 tesca
1698 3057 1784 3120 «γαρ,
1805 3035 1853 3102 dcc
1874 3037 1961 3100 raur'
1992 3045 2071 3118 treas

522 3133 802 3222 conventibusque
832 3131 1007 3198 ordinariis
1046 3134 1103 3196 uni
1144 3134 1268 3198 inerint
1322 3133 1389 3212 ires
1417 3132 1535 3196 ἅπαντα
1554 3155 1597 3196 re
1624 3133 1834 3223 arnapam,
1866 3137 2073 3228 ὢχοςηγιαι

523 3237 733 3314 demandata,
765 3237 811 3300 sie
840 3250 875 3299 ut
904 3256 1019 3321 parum
1040 3236 1203 3314 referret,
1228 3236 1267 3312 is,
1324 3261 1374 3298 sae
1390 3234 1421 3300 ἂι
1436 3256 1689 3324 φυμιασιαρχιιιι.
1721 3239 1846 3304 Dicant
1861 3245 1970 3318 enim,
1988 3265 2075 3306 surn-

523 3342 578 3426 qui
599 3340 695 3404 ludos
721 3337 974 3413 moderabatur,
1003 3353 1134 3402 essetne
1159 3336 1269 3401 dican·
1321 3353 1403 3423 ptus
1425 3340 1485 3401 hes
1508 3359 1639 3418 omnes,
1677 3355 1716 3404 at
1739 3355 1817 3406 sunt
1841 3343 2020 3426 charegiue
2042 3361 2073 3408 et

522 3445 584 3506 dus
604 3442 877 3526 panegyrisreha,
899 3462 938 3504 an
960 3441 1167 3524 agonotheta.
1205 3441 1269 3500 Ne·
1323 3441 1640 3522 gymnnsr'ureln'ne,
1679 3445 1725 3506 ud
1761 3465 1860 3506 surra
1890 3449 2071 3525 pertinere.

523 3567 587 3632 que
617 3563 698 3611 vero
731 3560 932 3626 magnopore
960 3537 1167 3622 probaverim
1194 3539 1269 3602 sub·
1326 3541 1534 3624 Magistratus
1569 3541 1665 3624 hujus
1702 3565 1768 3608 nen
1804 3544 2001 3632 infrequens
2038 3551 2074 3608 tit

522 3649 602 3710 tiles
620 3665 675 3709 css
693 3643 918 3707 distinctiones
935 3643 1171 3724 agonothetae,
1194 3661 1271 3725 ago·
1327 3643 1450 3706 mentio
1475 3641 1509 3704 in
1538 3645 1764 3710 marmoribus.
1808 3650 1964 3712 Ceterum
1991 3671 2074 3734 quae

522 3747 665 3815 arareltae
687 3743 742 3812 vel
768 3743 1270 3828 agonistarchae,athlotbetae,
1326 3745 1390 3809 alia
1417 3743 1458 3809 ad
1482 3745 1796 3829 gymnasiarchorum
1828 3742 1945 3813 ms‘nus
1973 3753 2076 3834 perti·

523 3871 603 3935 quas
632 3846 816 3910 extundere
847 3857 980 3909 conatus
1011 3859 1060 3907 est
1081 3845 1268 3922 Vandalius,
1327 3861 1424 3924 nent,
1446 3868 1511 3910 non
1531 3869 1640 3912 meum
1657 3849 1713 3914 hic
1732 3851 1883 3914 existimo
1903 3851 2000 3916 latias
2021 3875 2076 3916 es·

515 3943 606 4038 'quae
627 3969 703 4013 ssne
723 3946 877 4012 ridentur
892 3934 993 4010 inisse
1011 3946 1167 4013 voeabula
1184 3948 1270 4032 ejus·
1327 3969 1470 4034 ponere,
1487 3964 1521 4013 et
1537 3950 1642 4014 sideri
1657 3953 1698 4015 de
1713 3953 1777 4017 hoe
1791 3969 1985 4038 argumenta
2003 3977 2076 4040 pos-

524 4057 600 4120 dem
629 4048 873 4136 significationis
902 4073 920 4114 a
950 4049 1164 4134 scriptoribus
1194 4070 1269 4136 pro·
1327 4071 1400 4118 aunt
1422 4054 1472 4136 rei
1493 4053 1692 4136 agonisticae
1715 4055 1907 4140 scriptores.

523 4157 650 4240 misena
667 4165 839 4236 usurpata,
861 4151 1132 4236 quemadmodum
1149 4153 1214 4230 illi,
1233 4167 1269 4216 ut
1410 4157 1488 4222 Dixi
1517 4157 1551 4220 in
1581 4169 1712 4220 moneta
1735 4159 1912 4245 Pergami,
1942 4160 2076 4224 unicam

523 4259 577 4326 sel
618 4277 684 4322 uno
720 4255 873 4340 exemplo
906 4269 1002 4332 utar,
1035 4257 1269 4340 proconsulem
1326 4261 1413 4325 hunc
1435 4281 1508 4324 ease
1530 4279 1685 4336 numum,
1718 4261 1774 4346 qui
1797 4274 1919 4325 certain
1943 4285 2079 4346 gymna-

523 4365 705 4426 Romanum
736 4358 799 4444 jsm
831 4357 946 4424 dixere
975 4355 1166 4435 hamaran,
1203 4361 1267 4444 jam
1326 4363 1474 4426 siarcbse
1513 4363 1712 4428 mentionem
1752 4362 1861 4428 offert.
1905 4365 2079 4428 Habemus

525 4485 699 4550 spernqes,
719 4459 947 4548 jamniexcsaa,
969 4461 1032 4544 jam
1056 4460 1201 4548 ἠγεμοια.
1225 4464 1270 4530 Vt
1327 4485 1444 4528 numos
1465 4465 1585 4543 hines,
1617 4467 1650 4528 in
1681 4465 1798 4552 quihus
1829 4465 1953 4550 legitur
1983 4489 2079 4532 vocs·

463 4649 468 4664 ⁸
562 4685 965 4766 slbpartian.inlladrian.
1039 4685 1340 4760 intestines.
1414 4689 1446 4758 e)
1466 4691 1498 4746 L.
1518 4691 1592 4750 b'll'.
1612 4709 1642 4768 p.
1664 4711 1689 4746 ru
1723 4704 1786 4762 991.
1860 4691 2070 4770 cOp-2138.

526 4781 556 4852 e)
577 4777 691 4838 l’ulitie.
710 4777 744 4834 L.
763 4777 814 4838 l'l.
836 4799 861 4834 c.
878 4787 905 4840 tl.
978 4777 1014 4849 s)
1034 4791 1135 4836 contra
1155 4775 1310 4855 Leptinetn
1330 4799 1359 4855 p.
1380 4799 1418 4837 ru.
1439 4793 1501 4854 559.
