4372 5556
606 545 757 626 Nvttt
790 545 953 622 VRBB.
993 547 1226 626 meunt.
1620 555 1688 632 too

140 741 213 788 rem
249 723 392 810 aliquem
428 721 551 788 locatee
585 737 707 806 operae
734 717 880 782 fructum
939 739 1080 806 pruses,
1101 719 1177 786 lude
1195 743 1214 786 a
1231 722 1339 787 tabula
1355 719 1396 785 bb
1412 722 1547 804 longum
1565 736 1681 782 eorum

141 835 359 910 reportarem.
851 849 858 860 ·
938 843 1058 908 agmen
1074 823 1109 886 io
1125 836 1337 909 conspectum
1357 820 1458 886 dedit.

204 927 334 992 Primus
360 925 422 991 tuit
439 923 656 1000 Pellerioiue,
678 919 884 990 titubasti·
1002 927 1054 987 Ειι
1073 925 1133 990 tibi
1153 939 1322 1002 auctores,
1351 923 1407 1011 qui
1434 941 1549 985 numos
1573 919 1609 982 id
1628 939 1684 1004 ge·

141 1041 274 1094 uostm
291 1026 443 1092 studiosis
456 1025 586 1091 uoooisi
608 1043 735 1092 summo
751 1041 884 1108 semper
936 1047 1000 1092 uus
1015 1025 1188 1102 ἅδισποτις
1204 1027 1238 1090 iu
1254 1027 1363 1089 lucem
1379 1023 1503 1088 dedere
1521 1043 1562 1086 eo
1578 1021 1685 1086 eomi-

143 1151 217 1194 cum
241 1129 369 1193 honore
392 1128 623 1205 nominandus,
652 1128 706 1192 cui
731 1143 815 1190 ere
838 1125 885 1190 vi-
938 1125 1006 1208 lio,
1028 1141 1080 1206 ut,
1102 1149 1184 1213 quos
1199 1127 1262 1210 ipsi
1275 1127 1466 1210 ignorarent
1484 1123 1611 1186 urbium
1627 1143 1685 1185 ua·

143 1253 234 1305 sum,
264 1232 371 1294 numia
396 1229 527 1293 orbium
553 1229 672 1306 certia,
708 1247 790 1314 quoe
815 1225 886 1290 vttl·
942 1231 1043 1308 talea,
1064 1229 1193 1296 felicior
1209 1243 1343 1292 eructet
1358 1228 1494 1290 eliorum
1514 1226 1581 1287 eive
1594 1223 1684 1305 inge·

143 1333 249 1418 gerit,
278 1330 401 1395 addere
427 1330 469 1395 ad
491 1330 615 1396 calcem
641 1349 758 1394 uumoa
785 1326 886 1391 umbi·
941 1331 1051 1408 oium,
1083 1331 1152 1395 sive
1174 1330 1320 1394 facultas.
1351 1329 1481 1390 Revera
1502 1339 1612 1388 secuta
1628 1345 1685 1386 an-

143 1435 198 1520 gui
225 1433 415 1520 explicetur.
445 1433 542 1496 lluuo
560 1431 681 1496 deiude
701 1430 820 1495 «lucen
836 1447 886 1492 ee·
937 1433 1154 1518 aiquariorum
1168 1431 1328 1494 industria
1346 1442 1381 1492 et
1400 1427 1555 1509 sagacitas
1569 1449 1588 1490 a
1604 1426 1686 1488 mul·

142 1534 210 1601 coti
235 1548 309 1601 aunt
331 1533 501 1619 plerique,
523 1531 581 1616 qui
599 1549 773 1596 nemorum
792 1549 887 1595 auco·
939 1532 984 1596 tia
1002 1531 1143 1598 adhibite
1165 1531 1354 1616 quaestione
1372 1530 1495 1614 patriae
1517 1549 1593 1591 auae
1609 1549 1686 1591 coo-

142 1639 295 1703 dotorum
313 1635 435 1700 seriem
457 1636 491 1695 iu
515 1634 625 1700 lucem
642 1633 787 1712 dedere,
810 1651 888 1717 quo-
943 1635 1121 1702 laetiorem
1144 1633 1305 1710 extorsit,
1332 1629 1429 1712 cujus
1457 1628 1607 1712 exempla
1632 1649 1686 1692 co·

142 1759 216 1802 rum
235 1737 296 1801 tibi
323 1755 411 1799 nuno
436 1735 580 1799 omnium
605 1755 707 1820 opere
734 1731 889 1800 iudicabi·
942 1741 1036 1824 piosa
1052 1737 1208 1800 hacteuus
1225 1736 1295 1820 ipsc
1313 1733 1444 1800 rideris.

144 1861 225 1902 mus.
268 1835 471 1900 Moueodum
497 1850 625 1914 tamen,
652 1835 692 1900 ab
721 1835 786 1900 hoc
813 1855 889 1900 cea·
1008 1842 1090 1904 Sunt
1112 1839 1207 1922 hujus
1234 1837 1346 1900 classis
1373 1834 1465 1896 numi
1489 1853 1555 1898 uou
1581 1832 1685 1916 pauci,

145 1965 183 2005 su
209 1937 340 2003 excludi
369 1957 487 2000 numos
521 1933 722 2022 peregriitis,
754 1937 889 2022 ignotit-
945 1963 1027 2029 quoa
1062 1939 1182 2005 eruditi
1209 1939 1293 2004 varii
1318 1935 1417 2001 certia
1452 1955 1525 2000 esee
1556 1935 1686 2020 populis

145 2061 208 2126 que
232 2039 337 2104 literis
364 2037 555 2122 inscriptos,
586 2059 667 2122 quoa
689 2041 788 2102 certia
809 2041 888 2116 suia,
942 2043 1144 2126 urbibusque
1163 2042 1318 2125 proprios
1333 2059 1488 2114 sanxere,
1510 2051 1542 2100 at
1561 2058 1627 2100 non
1647 2037 1687 2098 iis

144 2163 301 2228 quorsum
326 2139 510 2226 pertinent,
532 2139 723 2204 stationibus
750 2134 888 2206 inserui·
941 2144 1160 2230 argumentis,
1183 2161 1266 2226 quae
1285 2153 1431 2203 nostrum
1453 2141 1610 2202 hactenus
1632 2137 1686 2204 ed·

146 2265 227 2310 mue.
419 2289 422 2298 ·
941 2267 1075 2310 aeneum
1092 2255 1271 2330 potuerunt
1286 2239 1348 2303 sibi
1363 2241 1550 2322 impetrare.
1566 2242 1688 2302 Exem-

944 2350 1009 2433 plo·
1029 2359 1125 2410 aucto
1141 2367 1172 2410 v.
1190 2365 1220 2428 g.
1250 2343 1339 2408 numi
1367 2341 1512 2406 illustres
1538 2342 1688 2425 argentei

943 2448 1095 2531 inscripti
1105 2442 1361 2520 ΜΩΔΑΙΩΝ,
1384 2465 1465 2528 quos
1482 2445 1687 2526 cssePergo

946 2570 1060 2614 menos
1076 2548 1198 2632 Mysiae
1221 2545 1361 2628 conjecit
1375 2545 1590 2622 Pellctiuiuo,
1613 2546 1686 2608 alii:

206 2647 440 2715 PELLEBIN.
460 2595 601 2716 Praeter
616 2649 889 2732 incertosHispa·
947 2647 1220 2726 ΑΖΕΤΙΝΩΝ,
1248 2645 1408 2732 aliquibus
1429 2659 1560 2712 moneta
1579 2649 1686 2712 Attica

145 2753 238 2830 uiae,
259 2748 404 2828 Galliae,
425 2749 560 2827 ltuliae,
581 2771 662 2837 quoe
684 2750 886 2836 singularum
945 2751 1086 2827 crediti,
1124 2750 1196 2817 clii:
1234 2746 1499 2832 T?1A.,quos
1530 2750 1687 2812 Combiua

145 2851 318 2936 regiorum
346 2851 452 2914 numia
474 2850 611 2934 adjecit,
642 2867 676 2916 et
706 2852 886 2939 dequibus
943 2873 1018 2918 ease
1033 2850 1227 2916 Troadtzrae
1241 2853 1401 2926 Moesiae,
1421 2851 1569 2914 Sestinua
1586 2855 1686 2914 Trae-

147 2954 223 3016 loco
240 2951 377 3036 proprio
395 2951 538 3037 egimus,
560 2971 675 3016 corum
695 2951 889 3033 justumuu·
946 2955 981 3016 lii
1016 2951 1229 3016 Macedoniae
1269 2965 1462 3028 sanxerunt,
1498 2953 1557 3017 sed
1594 2973 1684 3038 quoe,

146 3071 273 3118 merum
282 3065 377 3134 perte
392 3053 504 3135 operis
522 3053 573 3116 sai
588 3053 891 3136 inscriptalieeueil
946 3073 1149 3140 quorumque
1174 3050 1297 3115 similes
1323 3051 1405 3114 alios
1429 3055 1685 3138 quamplurimos

147 3156 255 3218 'Pomo
271 3155 327 3220 lll.
352 3151 459 3216 tabula
478 3155 576 3220 CXV.
608 3167 644 3216 et
666 3155 813 3238 pluribus
839 3172 889 3217 ae·
945 3157 1043 3220 etiem
1062 3167 1137 3238 post
1152 3151 1393 3238 qualescunque
1412 3152 1614 3216 eruditorum
1633 3175 1687 3218 co·

145 3253 321 3339 quentibue
340 3254 468 3320 obtulit.
496 3255 562 3324 vix
579 3274 701 3338 paucos
724 3257 757 3318 io
782 3255 891 3341 operi·
945 3270 1039 3320 ratus
1067 3274 1134 3317 noo
1161 3254 1266 3316 minus
1294 3250 1461 3338 hodieque
1489 3255 1522 3314 iu
1552 3253 1686 3318 incertia

146 3358 225 3434 bus,
247 3375 330 3442 quae
349 3355 505 3440 deinceps
523 3355 644 3440 edidit,
666 3360 823 3441 reperies.
943 3371 1104 3442 putamus.
1146 3354 1231 3419 Sane
1252 3354 1286 3414 iu
1307 3366 1377 3416 arte
1395 3367 1505 3419 nostra
1521 3354 1604 3420 nihil
1624 3370 1685 3432 est,

208 3457 369 3522 dmum..
407 3458 535 3520 Horum
568 3460 745 3522 nonnullos
770 3458 889 3523 obtulit
945 3459 1034 3546 quod
1062 3457 1164 3538 magis
1188 3456 1388 3520 stomachum
1412 3471 1560 3534 moveat,
1590 3480 1685 3544 quam

143 3564 179 3624 in
198 3559 453 3642 Adpcodioulce
465 3558 513 3622 11.
529 3557 594 3626 tab.
607 3563 662 3622 lll.
682 3575 717 3625 et
735 3561 790 3628 Ν.
945 3559 1172 3626 commentarii
1201 3559 1235 3620 iu
1263 3558 1323 3622 bae
1349 3578 1444 3623 causa
1472 3557 1557 3623 bene
1583 3559 1685 3646 longi,

208 3661 301 3728 EGO
322 3661 357 3723 iu
379 3660 476 3727 variis
498 3662 580 3725 meis
605 3662 781 3745 operibus,
803 3682 886 3748 quae
942 3676 979 3726 ct
1014 3680 1113 3745 saepe
1150 3679 1269 3743 magno
1304 3658 1497 3725 eruditionis
1531 3678 1685 3747 apparatu

143 3764 302 3850 posthoc
326 3761 446 3830 llviroe
477 3762 663 3839 edideram,
684 3762 885 3827 incertorum
943 3763 1141 3846 conscripti,
1170 3761 1285 3846 quibus
1314 3761 1470 3844 perlectis
1496 3777 1550 3827 aut
1578 3785 1683 3850 aeque

143 3884 317 3930 numerum
352 3885 421 3928 non
450 3885 565 3950 parum
596 3865 680 3928 auxi.
723 3865 886 3929 Licuisset
942 3869 1086 3930 incertus
1111 3885 1166 3940 ca,
1188 3883 1225 3926 ao
1247 3861 1493 3938 laistidedum,
1516 3869 1685 3931 autiutel·

144 3969 267 4029 utinam
296 3963 457 4030 minuere.
500 3967 550 4032 lc
580 3967 720 4050 primum
754 3967 887 4052 quidem
942 3969 1038 4051 ligis,
1069 3978 1236 4028 auctorem
1267 3965 1424 4027 incautius
1455 3968 1683 4032 inconsultius·

145 4069 179 4128 in
197 4063 407 4130 meiaNumr's
426 4071 591 4132 veteribus
603 4067 752 4153 pug.308
770 4090 887 4134 eorum
912 4124 917 4134 .
944 4089 1007 4155 quc
1029 4067 1175 4130 scribere
1202 4085 1393 4148 aggressum
1417 4068 1516 4150 longe
1542 4093 1560 4133 a
1582 4093 1683 4155 acopo

145 4166 321 4230 nonuullos
348 4165 434 4232 dedi.
476 4169 581 4254 Major
618 4170 738 4234 deinde
768 4171 886 4254 agmeit
944 4173 1124 4235 aberrasse.
1161 4168 1284 4230 Nomos
1307 4167 1370 4230 boc
1395 4171 1494 4232 modo
1513 4171 1685 4238 adhucin-

144 4271 178 4330 iu
198 4270 360 4349 catalogo
377 4273 482 4333 musei
498 4272 653 4335 Caesarei
668 4271 733 4334 fine
751 4274 848 4337 Tomi
859 4275 884 4338 l.
942 4285 1053 4338 certos
1080 4269 1143 4331 boc
1169 4270 1244 4332 loco
1272 4288 1338 4331 oon
1359 4271 1587 4352 producimus,
1609 4276 1683 4360 quia

145 4369 297 4454 Denique
319 4368 353 4431 io
369 4389 442 4432 mea
457 4369 633 4455 SyllogeI.
653 4393 726 4456 pag.
742 4375 794 4456 7⁶·
944 4395 1003 4437 eoa
1025 4373 1088 4454 jam
1113 4369 1147 4432 io
1169 4371 1324 4452 judicium
1348 4374 1533 4437 vocavimus
1558 4377 1591 4438 iu
1615 4397 1682 4440 mo·

209 4470 438 4536 NEVMANN.
464 4473 500 4532 lo
518 4473 687 4554 praeclaro
704 4497 764 4538 auo
783 4499 886 4560 opere
943 4489 1018 4541 neta
1041 4495 1152 4537 earum
1176 4473 1318 4550 urbium,
1347 4475 1462 4558 quibua
1484 4489 1537 4540 aut
1560 4479 1682 4563 inique,

146 4576 346 4655 Populorum
359 4587 392 4636 et
405 4593 518 4652 regum
531 4580 817 4661 numicomplures
830 4582 888 4644 ltu·
944 4593 998 4642 aut
1025 4576 1114 4639 nullu
1134 4575 1302 4639 verisimili
1319 4596 1420 4662 cauea·
1437 4579 1532 4643 fuere
1560 4579 1684 4664 adjudi-

57 4723 61 4736 .
143 4681 193 4762 jus
209 4675 342 4761 generis
363 4671 468 4740 edidit
484 4675 583 4739 Parte
599 4678 639 4742 ll.
662 4699 735 4762 pag.
753 4703 822 4764 ¹7⁰·
945 4682 1018 4746 eati.
1041 4679 1096 4742 Sic
1112 4677 1154 4740 de
1170 4675 1277 4740 uumis
1295 4674 1541 4746 ΜΩΔΑΙΩΝ
1558 4685 1684 4768 egimus

207 4777 362 4846 cottus
392 4775 539 4842 eruditus
568 4780 672 4844 musei
692 4781 887 4850 Houteriaoi
944 4784 978 4846 iu
1000 4794 1129 4847 moneta
1146 4776 1301 4862 Pergami
1318 4791 1382 4843 ete.
