4338 5554
552 582 557 596 ¹
608 575 682 646 na
713 541 1222 650 nahtsrnsmnvs.
1614 601 1686 670 rra

200 735 384 808 AHMOZ.
394 737 647 808 ΡΩΜΑῙΩΝ.
666 747 811 824 Populus
820 747 886 808 tto-
941 763 979 809 uc
1001 745 1142 823 senatui,
1171 757 1208 806 ut
1229 743 1270 806 sd
1291 746 1377 810 hunc
1396 769 1530 811 numum
1558 751 1591 812 in
1618 773 1686 814 mn·

138 865 324 910 inquorum.
358 843 420 913 Vir
440 857 570 928 togatus
592 857 680 910 stans
700 845 731 911 d.
750 849 885 926 hastam,
940 859 1017 908 neta
1040 847 1198 930 Smyrnae
1222 846 1319 909 iatius
1349 847 1426 912 dixi.
1468 852 1624 936 Legimus
1650 856 1687 916 iu

137 967 164 1011 ι.
186 947 429 1032 cornucopiae,
461 947 495 1008 iu
522 945 628 1010 samis
653 947 884 1012 Alexandrinis
940 962 1035 1032 parte
1067 948 1203 1012 adversa
1232 949 1323 1012 numi
1352 951 1516 1032 cydoniae
1548 955 1686 1017 Cretae:

11 1137 19 1146 .
138 1049 293 1113 Neronis.
756 1061 769 1082 ⁰
940 1044 1634 1120 ‘florerenttntzsltnzannzrtu
1652 1056 1687 1118 in

202 1149 386 1234 Vtrumque
414 1148 564 1215 ordinem
585 1151 619 1214 in
642 1151 758 1216 eodem
784 1171 888 1216 numo
941 1169 1074 1214 aversae
1105 1145 1687 1244 ETNKAHT12.KPHTE2'.ni·

140 1251 241 1316 offert
268 1252 385 1314 namus
415 1253 673 1332 Synnadenoium
704 1255 885 1338 Phrygiae,
941 1251 1092 1328 mirum,
1112 1251 1239 1316 Tiberio
1275 1255 1412 1315 Caesari
1440 1254 1630 1334 Augusto,
1654 1269 1689 1318 ot

139 1355 173 1414 in
195 1353 286 1436 eujus
309 1373 371 1416 uua
392 1367 485 1440 purte
503 1352 658 1417 tePAN.
676 1351 888 1417 CTNKAH·
944 1351 1086 1416 Senatui
1118 1351 1289 1414 Cretenses
1318 1352 1403 1416 huuc
1433 1375 1567 1416 numum
1598 1355 1689 1420 dedi·

32 1481 42 1488 ·
140 1453 249 1520 TON.
286 1455 391 1537 Caput
416 1455 562 1536 juvenile
586 1455 821 1531 diadematum,
851 1458 886 1518 in
942 1465 1026 1518 eant.
1057 1453 1290 1536 Praeterquam
1313 1454 1401 1538 quod
1424 1457 1602 1522 verisimile
1621 1479 1689 1523 uon

138 1557 262 1619 alterna
305 1551 489 1622 ΔΗΜΟΣ.
522 1553 776 1620 ΡΩΜΑΙΩΝ.
825 1557 888 1624 Vir
944 1566 1012 1629 eat,
1043 1555 1218 1619 Cretenses
1239 1575 1299 1620 suo
1317 1556 1463 1639 ipsorum
1486 1561 1612 1622 senatui
1633 1560 1690 1624 de·
1728 1587 1738 1600 ¹

140 1668 270 1740 togatus
298 1669 384 1719 stans
411 1657 444 1719 d.
466 1669 624 1740 putaram.
664 1657 750 1724 Vide
772 1675 890 1732 numos
945 1657 1070 1720 dicasse
1092 1667 1274 1732 monetam,
1300 1670 1426 1719 conotat
1448 1659 1545 1722 etiam
1568 1681 1610 1724 ex
1631 1659 1690 1724 uu·
1740 1709 1742 1714 -

138 1757 236 1841 hujus
251 1756 351 1820 urbis.
372 1760 408 1818 ln
425 1754 491 1822 aiio
506 1753 591 1842 apud
605 1758 711 1823 Liebe
727 1760 775 1840 Ι),
789 1777 888 1844 qoem
945 1757 1025 1835 saia,
1050 1757 1136 1820 bunc
1157 1757 1314 1841 populum
1336 1758 1396 1821 aab
1417 1761 1530 1842 primia
1552 1761 1691 1843 impera·

140 1861 169 1922 is
191 1860 353 1922 Damasco
375 1859 585 1941 Goelesyriae
608 1861 739 1938 tribuit,
769 1863 804 1924 in
826 1883 890 1925 une
944 1857 1071 1922 toribus
1100 1860 1135 1920 in
1163 1857 1375 1923 observandis
1405 1863 1560 1925 Romanis
1587 1863 1689 1930 tuisse
1725 1941 1730 1948 ι

139 1973 252 2044 perta:
287 1955 463 2040 AHMOC.
488 1957 742 2030 PanltoN.
785 1965 889 2048 Caput
947 1959 1135 2036 adsiduum,
1162 1960 1204 2024 dc
1229 1981 1294 2046 quo
1317 1961 1392 2027 ride
1416 1985 1532 2029 numos
1556 1967 1692 2030 Creten·

138 2059 284 2144 juvenile
306 2059 446 2136 nudum,
475 2063 508 2124 in
530 2061 609 2125 aliut
641 2061 758 2128 ΙΕΡΑ.
782 2062 889 2128 CTN·
946 2063 1029 2125 sium
1043 2063 1075 2123 in
1093 2081 1228 2144 genere.
1251 2064 1287 2123 In
1302 2064 1401 2128 citato
1416 2085 1490 2126 mox
1505 2051 1692 2148 Synnaden-

140 2157 344 2228 KAHTOC.
383 2163 505 2225 Mulier
532 2163 675 2228 laureata
702 2165 822 2228 sedens
854 2166 886 2232 d.
946 2163 1027 2227 sium
1052 2163 1214 2247 Phrygiae
1237 2163 1377 2248 legiturt
1410 2164 1563 2230 tePAN.
1583 2161 1703 2230 CTN·‘

142 2263 288 2347 globum.
332 2266 369 2325 dn
402 2285 503 2326 numo
537 2267 686 2328 coloniae
718 2266 885 2331 Corinthi:
944 2260 1154 2327 KAHTON.
1168 2266 1247 2326 etin
1259 2265 1363 2328 alters
1376 2280 1486 2350 part-e:
1507 2261 1689 2330 ΔΗΜΟΣ.

140 2365 327 2436 SENATV.
350 2365 387 2430 P.
410 2363 512 2458 Q.li.
552 2369 656 2454 Caput
678 2381 809 2432 senatus
829 2388 885 2434 ue·
913 2381 917 2390 ·
944 2360 1196 2432 ΡΩΜΑΙΩΝ.
1217 2367 1297 2428 Cum
1314 2369 1504 2430 vocabulum
1519 2362 1692 2432 ΔΗΜΟΣ

139 2465 248 2530 latum.
596 2531 599 2536 ,
945 2465 1428 2553 significaveritqueurcumque
1442 2469 1609 2552 populum,
1623 2487 1691 2532 non

501 2551 521 2590 ⁴
605 2597 625 2637 a
944 2567 1262 2646 Romanumsolum,
1280 2570 1691 2649 sedomniumciritstum,

203 2669 345 2732 Nomine
363 2598 678 2751 zbrttntttbn,
701 2687 773 2752 aut,
795 2685 831 2736 et
852 2673 887 2734 in
945 2669 986 2733 sd
1010 2669 1192 2732 tollendum
1216 2671 1403 2756 ambiguum
1427 2685 1520 2737 recte
1546 2673 1692 2737 additum

139 2770 248 2832 numia
273 2774 554 2858 marmoribusque
579 2787 766 2838 constanter
788 2771 889 2838 scribi
945 2769 1196 2838 ΡΩΜΑΙΩΝ.
1230 2771 1373 2866 Quod
1347 2797 1375 2836 ιι
1393 2769 1693 2842 CTNKAHTOC.

142 2870 263 2953 video,
279 2863 592 2949 ΣΤΝΚΛΗΤΟΤ,
612 2887 737 2937 certum
756 2888 821 2952 est,
841 2874 888 2936 in·
944 2873 1159 2956 eignificasset
1187 2875 1284 2938 etiam
1312 2876 1570 2960 qualemcunque
1601 2897 1693 2941 seue

141 2970 359 3052 telligendam
382 2978 528 3036 senatum
548 2975 748 3052 Romanum,
778 2995 888 3060 neque
942 2987 1031 3052 tum,
1060 2995 1126 3036 nou
1149 2978 1330 3039 Romanum
1356 2977 1479 3054 solum,
1511 2999 1552 3040 ex
1576 2978 1693 3041 eadem

141 3073 255 3155 reperi
282 3072 477 3136 hactenus
468 3096 502 3135 ιιι
529 3089 669 3162 utroque
689 3077 755 3141 hoc
776 3098 889 3140 monu-
945 3095 1040 3138 causa
1061 3074 1269 3139 scribendum
1289 3078 1384 3142 atium
1402 3079 1516 3140 suisset
1534 3076 1691 3150 ΙΕΡΑΝ.

142 3185 328 3237 mentorum
358 3188 507 3240 veterum
539 3195 664 3262 genere
701 3179 888 3262 exemplum
944 3173 1255 3244 GTNKAHTON.
1295 3175 1545 3241 ΡΩΜΑΙΩΝ.
1598 3178 1692 3273 Quae

143 3289 287 3353 certum,
320 3295 385 3362 quo
415 3277 630 3357 doceremur,
660 3281 724 3344 hoc
755 3281 888 3344 nomina
943 3277 1077 3364 quidem
1096 3279 1257 3340 sententia
1280 3299 1323 3340 eo
1345 3280 1440 3340 etiam
1464 3279 1690 3358 confirmatur,

141 3399 282 3463 unquam
324 3379 530 3444 intellectum
573 3395 721 3446 senatum
758 3381 889 3445 arbium
944 3379 1032 3464 quod
1049 3380 1230 3464 epigraphe
1242 3377 1552 3456 cTNKAtttoo,
1570 3379 1689 3447 ΙΕΡΑ.

142 3481 365 3559 Graecarum,
403 3483 460 3568 qui
497 3475 618 3561 Boohq,
657 3483 712 3552 rel
751 3481 781 3546 Γ
783 3487 893 3566 εςισιιι
944 3475 1262 3560 cTNKnH'roc.,
1314 3477 1443 3544 (deoc.
1484 3478 1694 3546 cTNKnH·

4 3645 6 3676 ἶ
139 3581 214 3647 iere
236 3595 358 3646 tantum
380 3581 446 3646 dici
467 3586 647 3653 consuevit.
684 3589 802 3651 Testes
824 3586 890 3671 pri·⁸
947 3583 1046 3651 Too.
1063 3583 1253 3668 saepissima
1268 3580 1302 3644 in
1318 3583 1425 3644 numia
1439 3580 1537 3647 Asiae
1554 3595 1694 3668 procon-

140 3703 228 3746 mum
247 3683 388 3748 adhibeo
407 3709 542 3765 numos,
571 3688 691 3752 deinde
712 3709 887 3756 marmora.
945 3685 1081 3765 uniaris,
1105 3687 1269 3760 rarius‚in
1290 3683 1425 3748 aliarum
1448 3686 1692 3767 provinciarum

140 3789 178 3850 ln
206 3807 272 3850 uno
300 3789 484 3873 eodemque
511 3811 611 3855 numo
634 3792 790 3875 Smyrnae
813 3809 890 3856 con-
937 3801 1077 3851 ·moueta
1095 3789 1273 3872 reperitur.
1302 3789 1395 3850 Haec
1415 3787 1502 3849 enim
1525 3789 1694 3870 provincie

4 3925 9 3940 ·
142 3888 323 3972 junguntur
348 3888 890 3961 cenactfl.cTNttAt1Toc.
947 3905 988 3954 ex
1005 3891 1145 3973 Augusti
1162 3893 1328 3955 voluntate
1347 3889 1505 3973 permissa
1524 3890 1584 3954 tuit
1601 3911 1694 3956 oene-

143 3987 390 4055 CGBACTOC.
430 3991 653 4059 Ttsset‘too
710 3997 891 4078 Augusta,
944 3991 993 4054 tui
1009 3991 1197 4076 populoque
1213 3989 1378 4069 Romano,
1401 4005 1436 4056 et
1454 4004 1490 4054 ut
1506 3991 1540 4054 in
1561 4007 1693 4058 moneta

143 4111 263 4173 nempe
294 4091 375 4156 lolia
404 4092 530 4157 Tiberii
563 4109 688 4174 mater,
729 4097 888 4174 Senatus,
939 4095 1104 4176 Smyrnae
1123 4093 1383 4170 observavimus,
1401 4094 1691 4158 senatui.Romano

142 4205 178 4256 et
197 4195 378 4276 Augustus
400 4198 556 4261 Tiberius.
589 4201 654 4261 lans
675 4218 753 4262 vero
774 4199 807 4260 in
827 4198 889 4263 hac
942 4203 1095 4280 tauquam
1111 4196 1178 4259 deo
1191 4196 1348 4278 templum
1364 4195 1523 4272 decrevit,
1538 4209 1571 4258 et
1583 4197 1693 4279 Smyr·

143 4294 325 4380 epigraphe
354 4285 484 4362 nomine
517 4297 812 4364 CTNKAHTOC.
842 4300 891 4362 in·
944 4317 1008 4362 uae
1024 4299 1144 4364 erexit.
1172 4297 1298 4374 Alteri,
1324 4311 1359 4359 ut
1377 4297 1462 4374 dixi,
1487 4309 1589 4359 testes
1611 4319 1696 4361 mar·
1746 4363 1750 4368 ,

143 4397 248 4460 dicari
268 4411 415 4461 renatum
434 4401 633 4481 Romanum,
662 4420 703 4466 cs
727 4423 767 4468 eo
789 4415 889 4486 patet,
945 4421 1055 4478 mora,
1086 4421 1129 4464 ex
1155 4397 1274 4483 quibua
1296 4419 1358 4460 una
1380 4397 1581 4462 Oroniensia
1603 4397 1692 4463 suffi-
1762 4455 1768 4464 .

144 4499 231 4586 quod
259 4499 399 4564 docente
424 4501 562 4566 historia·
584 4505 767 4568 decrevere
792 4504 889 4567 Asiae
939 4505 1043 4568 ciant.
1081 4505 1119 4564 ln
1140 4521 1206 4564 ano
1227 4500 1431 4584 eodemque,
1457 4501 1545 4584 quod
1567 4515 1618 4564 est
1638 4521 1693 4564 nr-

143 4601 243 4668 urbes
267 4603 427 4687 tempium
451 4603 603 4682 Tiberio,
632 4608 793 4693 matrique
819 4607 895 4691 ejus·
946 4605 1113 4682 dineiv„
1129 4605 1366 4688 scriptumest:
1386 4597 1693 4667 tentantem.

180 4797 211 4868 a}
231 4793 320 4852 Goth.
338 4813 417 4852 num.
434 4815 465 4872 p.
476 4807 539 4860 350.

206 4905 298 4981 (Vol.
315 4905 391 4976 IV.)
1368 4903 1394 4964 F
1419 4901 1434 4961 f
