4430 5564
480 565 557 650 aaa
894 582 899 592 ·
986 633 990 640 ,
1090 543 1286 636 caevu
1319 539 1442 614 amu.

483 725 668 806 Marsyas,
689 722 843 784 minister
864 719 953 798 ejus,
974 708 1169 780 ciuitdts'bus
1192 715 1229 776 s'n
1286 711 1374 790 rins,
1396 709 1491 776 citata
1507 709 1589 774 bace
1605 708 1713 793 ‚Servii
1731 705 1950 770 testimonia
1970 700 2087 784 sugil-

356 812 363 824 '
473 825 555 906 soro
571 826 704 906 positas
723 823 892 886 libertatis
908 821 1069 883 indicium
1087 815 1230 892 esuque*
1285 813 1373 891 lans,
1405 829 1555 898 tanquam
1587 815 1614 875 is
1637 831 1749 896 parum
1773 811 1868 874 scite
1899 809 2087 890 Marsyan

484 935 596 987 crecta
616 942 717 994 manu
734 933 893 995 testatur,
916 920 1004 981 nihil
1018 919 1094 982 urbi
1109 918 1229 980 deesse.
1285 915 1446 979 libertatis
1466 913 1609 980 iudicem
1628 913 1827 976 adseruisset
1845 908 1906 994 s).
1966 904 1971 910 ’

485 1024 579 1107 Lege
601 1023 751 1088 Serrium
775 1019 860 1086 istud
883 1021 988 1102 ipsdm
1011 1018 1230 1082 inculcantem
1349 1018 1514 1082 Habemus
1534 1018 1636 1102 igitar
1651 1013 1986 1084 Silenumurbium
2009 1009 2086 1096 qui·

487 1124 573 1212 apud
586 1123 787 1186 Macrobium
805 1124 845 1204 ¹).
890 1119 988 1210 Quod
1004 1119 1168 1204 posterius
1181 1101 1257 1206 teg‘
1287 1119 1363 1183 dem
1383 1117 1562 1198 liberarum
1590 1132 1728 1195 testem,
1759 1131 1792 1180 at
1816 1115 2000 1180 necdum
2025 1131 2085 1174 co-

463 1226 674 1307 ¹stimonium
706 1209 797 1287 tauto
830 1223 933 1304 magis
965 1242 1080 1286 causae
1116 1220 1229 1295 seruit,
1285 1221 1467 1298 lunianum,
1503 1221 1538 1282 in
1570 1240 1707 1305 quarum
1745 1232 1857 1282 tamen
1903 1216 2082 1288 solarum

487 1325 576 1414 quod
601 1325 706 1408 ipsum
725 1323 887 1389 simulacri
906 1338 1051 1413 gestum,
1074 1321 1178 1404 qualis
1195 1320 1230 1382 in
1286 1324 1410 1400 numia,
1437 1336 1474 1386 ut
1490 1323 1659 1404 protessus
1677 1343 1766 1398 sum,
1787 1321 1894 1402 hujus
1924 1319 2081 1386 soranae

486 1429 538 1490 bis
556 1427 661 1488 numia
680 1439 746 1502 cst,
763 1426 922 1509 indigitat.
962 1424 1230 1489 Animadverteu·
1287 1423 1419 1488 Silenus
1440 1423 1566 1490 visitur.
1617 1423 1797 1486 Enimvero
1822 1422 1851 1484 si
1879 1419 2078 1504 religiose

488 1529 583 1605 dum,
607 1541 776 1610 antequam
799 1528 840 1591 sd
858 1547 928 1588 rem
947 1527 1081 1611 propius
1098 1522 1231 1598 accedo,
1287 1528 1426 1594 velimus
1462 1526 1499 1588 iu
1524 1526 1605 1589 hacc
1627 1525 1736 1592 Servii
1763 1525 1885 1590 dictata
1928 1525 2077 1604 jurare,

485 1650 689 1715 nequaquam
712 1628 792 1704 mibi
813 1628 1002 1719 adversari,
1033 1625 1121 1712 quod
1142 1625 1232 1689 numi
1287 1647 1425 1710 necessa
1450 1625 1532 1704 crit,
1556 1627 1722 1704 Silenum,
1751 1639 1923 1712 quatenus
1956 1623 2075 1686 liber·

488 1731 635 1795 Silenum
659 1729 822 1805 offerant,
855 1728 988 1794 Servius
1012 1743 1119 1792 autem
1143 1740 1232 1790 utro·
1288 1731 1361 1798 tatis
1384 1743 1435 1794 est
1460 1727 1580 1805 index,
1610 1752 1628 1791 a
1657 1729 1795 1792 coloniis
1830 1726 2071 1811 proculian-

489 1832 835 1920 quelocoinlllarsya
857 1829 918 1892 sibi
938 1841 1076 1894 constet.
1121 1829 1232 1894 Scien-
1289 1831 1381 1900 bcrc.
1425 1833 1563 1894 Tantum
1587 1831 1672 1892 enim
1695 1829 1807 1904 abest,
1830 1843 1865 1892 ut
1885 1827 2067 1892 coloniae

489 1939 566 2000 dum
597 1934 705 2009 enim,
734 1945 907 2016 utrumque
943 1931 1107 1996 deastrum
1127 1929 1184 1992 sic
1214 1952 1232 1994 a
1288 1935 1321 2000 ic
1350 1932 1479 1998 urbium
1509 1931 1687 1995 liberarum
1715 1951 1852 1994 numero
1875 1931 2068 1994 baberen-

488 2035 656 2102 retcribus
687 2031 875 2110 confusum,
914 2047 970 2111 ut,
1008 2034 1064 2117 qui
1088 2035 1231 2114 Marsyas
1289 2048 1362 2110 tar,
1395 2035 1558 2099 ucetiam
1597 2019 1637 2096 iis
1667 2031 1909 2114 quodammado
1945 2051 2065 2116 oppo-

490 2153 597 2213 esset,
640 2137 735 2199 etiam
767 2136 897 2198 Silenus
938 2129 1115 2201 diceretur.
1165 2136 1232 2198 Iam
1289 2149 1458 2228 necentur.
1501 2136 1646 2209 Plinius,
1669 2135 1725 2196 ubi
1741 2135 1896 2200 Baeticae
1917 2131 2062 2217 oppida

489 2240 529 2304 ab
565 2235 739 2301 Herodoto
767 2251 966 2300 memoratur
1002 2233 1017 2298 ὁ
1052 2259 1088 2295 re
1111 2229 1231 2312 Σιληνε
1290 2251 1460 2305 enumerat
1480 2239 1533 2319 a),
1564 2242 1599 2299 ia
1624 2240 1687 2311 iis,
1721 2235 1849 2319 inquit,
1882 2237 2058 2300 coloniae

487 2337 647 2416 Marassa
680 2337 797 2413 darer,
838 2339 944 2400 Sileni
972 2337 1132 2418 Marsyae
1159 2349 1233 2400 uter
1289 2341 1374 2418 IX„
1409 2341 1592 2419 municipia
1618 2335 1777 2414 XVIIL,
1816 2339 1921 2400 Latio
1954 2337 2056 2400 anti·

490 2438 641 2502 Celaenis
661 2437 824 2520 Pbrygiae
849 2429 1046 2519 suspensus,
1076 2451 1234 2501 monstra·
1290 2445 1404 2521 quitus
1438 2444 1561 2502 donata
1585 2439 1748 2514 XXJJL,
1790 2439 1951 2501 libertate
1977 2437 2055 2512 VJ..

489 2553 607 2622 tuaque
631 2535 676 2620 b),
726 2538 781 2599 Sic
811 2551 845 2601 et
872 2537 1044 2600 Pausanias
1074 2552 1233 2602 memorat
1288 2543 1428 2626 foedere
1446 2540 1535 2618 Ita,
1557 2541 1777 2620 stipendiaria
1796 2539 1906 2604 CXX.
1953 2541 2052 2603 Sane

489 2637 630 2705 Palladis
663 2638 789 2718 signum
826 2660 875 2698 ros
911 2635 1045 2715 Zattara
1077 2637 1233 2718 Maraces
1290 2662 1364 2704 cum
1403 2641 1552 2704 coloniae
1587 2660 1653 2702 non
1682 2641 1787 2703 minus
1817 2653 1915 2724 atque
1956 2641 2049 2704 uliae

487 2741 637 2806 ferientis
662 2741 710 2819 ⁰),
743 2758 818 2801 mcx
846 2739 930 2802 iufra
952 2763 1051 2802 uuum
1080 2741 1233 2804 eundem·

489 2865 552 2928 que
569 2843 632 2925 jam
648 2843 808 2922 Marsyam
822 2853 932 2923 vocat,
950 2843 1013 2926 jam
1027 2843 1172 2906 silenum
1190 2844 1234 2926 d)‚

490 2959 586 3029 atque
614 2943 731 3005 iterum
754 2942 839 3004 infra
856 2945 904 3025 e),
934 2965 999 3028 quo
1020 2946 1096 3008 loco
1118 2965 1237 3030 perpo-

434 3113 438 3120 ,
490 3069 560 3112 ram
579 3047 756 3109 Amasacus
782 3045 946 3128 interpres
962 3049 1122 3127 Marsyam
1145 3071 1162 3110 a
1187 3049 1236 3109 Si·

490 3148 569 3215 leuo
587 3146 773 3230 distinguit,
793 3147 849 3230 qai
865 3168 948 3208 unus
965 3147 1117 3230 idemque
1134 3141 1236 3221 crant,

492 3274 566 3317 cum
592 3251 745 3312 nimirum
771 3261 880 3310 esseut
905 3248 991 3310 inter
1013 3240 1159 3324 verlice,
1181 3248 1237 3332 qui

491 3358 641 3436 Marsyan
659 3351 691 3410 in
711 3349 897 3412 Silencrum
914 3367 1055 3410 numero
1075 3362 1236 3433 putarent.

494 3456 569 3548 Quo
600 3454 687 3516 circa
708 3470 910 3534 nequaquam
934 3452 1111 3528 miremur,
1142 3451 1238 3513 siin·

492 3557 623 3620 tendum
648 3576 665 3618 a
690 3551 856 3618 veteribus
887 3575 984 3615 uuum
1008 3574 1068 3636 pro
1097 3553 1161 3624 alio
1187 3573 1256 3624 ca·⁴

492 3676 583 3744 ptum
604 3657 755 3740 legimus.
799 3655 829 3715 A
852 3654 969 3718 Servio
997 3675 1077 3720 vero
1106 3654 1237 3720 nominc

493 3765 642 3842 Marsyae
662 3756 865 3819 intellectum
886 3755 1053 3832 Silenum,
1075 3756 1151 3819 inde
1171 3756 1238 3819 col·

494 3862 642 3944 ligimus,
680 3855 769 3940 quod
796 3856 882 3919 huno
910 3878 1002 3922 suum
1023 3861 1173 3941 Marsyan
1204 3859 1238 3920 iu

492 3963 594 4026 tutela
615 3957 730 4019 Liberi
755 3957 856 4040 patris
881 3978 974 4036 csse,
996 3959 1156 4044 hujubque
1181 3961 1239 4021 mi·

492 4063 629 4126 nisu-um
658 4056 781 4120 diserte
815 4057 955 4136 adserit,
993 4062 1238 4147 quodquidam

494 4167 567 4250 jare
589 4159 771 4247 praedicari
792 4160 833 4221 de
859 4159 972 4226 Sileno
997 4183 1094 4248 posse
1117 4164 1151 4224 in
1170 4164 1239 4229 vul.

496 4289 556 4350 gus
574 4277 708 4341 notum,
733 4263 838 4324 minus
858 4282 958 4340 tero,
989 4252 1101 4328 saltem
1121 4266 1163 4330 ex
1182 4267 1240 4329 ob·

496 4371 547 4432 via
584 4367 741 4452 tritaque.
763 4363 987 4448 mythologie,
1032 4365 1072 4430 de
1111 4371 1239 4451 Marsya

493 4469 651 4553 Phrygio.
694 4468 767 4549 Non
788 4466 927 4533 advertit
948 4467 989 4531 ad
1011 4467 1093 4532 hacc
1112 4470 1240 4537 Grono-

1291 2743 1390 2807 urbes
1412 2741 1559 2805 Graecae
1584 2742 1750 2804 titulorum
1778 2741 1917 2806 libidine
1947 2742 2048 2808 labo·

1291 2855 1421 2920 rarent,
1455 2847 1490 2906 rit
1526 2864 1623 2927 supra
1657 2843 1814 2920 uidimus,
1849 2846 1904 2910 rix
1927 2857 2045 2908 tamen

1293 2959 1397 3009 exstat
1418 2965 1554 3021 numus,
1593 2945 1648 3030 qui
1669 2944 1739 3010 sire
1765 2946 1945 3023 coloniam,
1970 2947 2046 3009 sira

1291 3047 1504 3130 municipium
1522 3047 1662 3108 liberam
1680 3047 1878 3130 appellaret,
1902 3049 1965 3112 etsi
1987 3049 2043 3110 bic

1293 3149 1406 3212 titulus
1427 3149 1461 3208 in
1478 3146 1824 3224 Graecarumurbium
1848 3153 1954 3212 numia
1972 3169 2043 3212 nou

1295 3250 1336 3313 sit
1366 3250 1567 3334 infrequens.
1617 3252 1662 3311 Et
1688 3270 1769 3314 vero
1798 3251 1924 3329 urbes,
1955 3273 2040 3337 quae

1294 3367 1357 3416 tam
1387 3365 1476 3415 arcte
1515 3352 1778 3432 aRornanorum
1809 3375 1868 3416 scu
1900 3355 2041 3438 legibus,

1295 3474 1353 3518 seu
1374 3452 1499 3536 juribus
1523 3451 1727 3536 pendebant,
1757 3475 1823 3536 quo
1845 3455 1922 3519 illae
1946 3473 2041 3540 pacto

1294 3555 1420 3619 liberae
1459 3553 1525 3617 dici
1561 3555 1768 3638 potuissent?
1821 3559 1957 3622 Interim
1985 3579 2042 3622 re·

1293 3679 1368 3724 rum
1398 3670 1467 3734 est,
1503 3657 1608 3723 varias
1642 3656 1807 3738 colonias,
1848 3661 1918 3724 sire
1952 3661 2041 3746 quod

1293 3761 1496 3824 immunitate
1536 3757 1738 3841 gauderent,
1768 3760 1836 3824 sire
1865 3783 1884 3824 a
1912 3777 2044 3845 praeto·

1294 3863 1341 3925 ris
1362 3863 1403 3928 tt.
1428 3858 1656 3940 jurisdictione
1685 3875 1795 3926 essent
1817 3863 1976 3942 eximiae,
2005 3865 2043 3926 li·

1295 3964 1391 4028 beras
1414 3975 1541 4038 tamen,
1572 3962 1779 4046 etsiblauius,
1801 3967 1962 4049 appellari
1985 3987 2041 4050 pc·

1296 4066 1415 4140 tuisse,
1445 4077 1480 4127 et
1506 4085 1625 4128 revera
1653 4066 1749 4126 etiarn
1780 4090 1798 4130 a
1828 4069 2042 4152 scriptoribus

1296 4167 1484 4253 appellatas.
1535 4167 1588 4235 De
1616 4167 1722 4230 Patris
1743 4166 1885 4232 Achaiae
1914 4171 2042 4234 colonia

1295 4268 1468 4332 Pausanias
1492 4267 1547 4350 ιι)ε
1577 4291 1627 4328 aas
1662 4261 1760 4331 etuas
1792 4293 1845 4352 ,sss
1877 4265 2044 4352 ἒλιυὲεςοις

1297 4371 1425 4456 Αχαιων
1455 4391 1556 4454 μονοις
1590 4390 1655 4443 τοις
1676 4363 1850 4452 Πατρευσιν
1882 4369 1981 4452 ieras,
2008 4389 2041 4436 et

1295 4473 1386 4550 salos
1404 4491 1449 4535 ex
1464 4470 1617 4536 Achaeis
1632 4473 1810 4534 Patrensas
1830 4475 1954 4540 liberos
1974 4499 2045 4540 esse

533 4689 858 4766 assistata.
915 4691 1178 4762 mariscas.
1223 4669 1460 4764 'antem
1516 4693 1737 4766 autres.
1812 4697 2043 4770 cattam.

491 4783 526 4856 s)
547 4783 636 4840 Thes.
653 4791 711 4838 aut.
731 4777 835 4840 Graec.
855 4781 890 4842 Τ.
904 4783 928 4839 1.
947 4779 989 4842 lit.
1006 4781 1039 4842 X.
1117 4785 1149 4861 g)
1169 4783 1203 4842 L.
1221 4783 1272 4845 lll.
1292 4787 1319 4858 §.
1332 4796 1360 4849 5.

1434 4784 1469 4859 h)
1488 4783 1523 4842 l».
1541 4785 1605 4848 Vll·
1626 4805 1654 4844 c·
1673 4795 1716 4850 ld.
