<?xml version="1.0" encoding="UTF-8"?>
<!DOCTYPE html PUBLIC "-//W3C//DTD XHTML 1.0 Transitional//EN"
    "http://www.w3.org/TR/xhtml1/DTD/xhtml1-transitional.dtd">
<html xmlns="http://www.w3.org/1999/xhtml" xml:lang="en" lang="en">
 <head>
  <title>
</title>
<meta http-equiv="Content-Type" content="text/html;charset=utf-8" />
  <meta name='ocr-system' content='tesseract 3.04.00' />
  <meta name='ocr-capabilities' content='ocr_page ocr_carea ocr_par ocr_line ocrx_word'/>
</head>
<body>
  <div class='ocr_page' id='page_1' title='image "./doctrinanvmorvm05grangoog/doctrinanvmorvm05grangoog_0398.png"; bbox 0 0 4446 5570; ppageno 0'>
   <div class='ocr_carea' id='block_1_1' title="bbox 545 515 1773 702">
    <p class='ocr_par' dir='ltr' id='par_1_1' title="bbox 545 515 1773 702">
     <span class='ocr_line' id='line_1_1' title="bbox 545 515 1773 702; baseline 0.013 -72"><span class='ocrx_word' id='word_1_1' title='bbox 545 561 619 632; x_wconf 85' lang='lat' dir='ltr'><strong>nn</strong></span> <span class='ocrx_word' id='word_1_2' title='bbox 657 555 953 632; x_wconf 77' lang='lat' dir='ltr'><strong>cuanacr.</strong></span> <span class='ocrx_word' id='word_1_3' title='bbox 992 557 1376 702; x_wconf 76' lang='lat' dir='ltr'><strong>cuuouonou.</strong></span> <span class='ocrx_word' id='word_1_4' title='bbox 1663 515 1773 645; x_wconf 70' lang='lat' dir='ltr'><strong>aaa</strong></span> 
     </span>
    </p>
   </div>
   <div class='ocr_carea' id='block_1_2' title="bbox 180 725 1797 4468">
    <p class='ocr_par' dir='ltr' id='par_1_2' title="bbox 180 725 1797 4468">
     <span class='ocr_line' id='line_1_2' title="bbox 189 725 1736 810; baseline 0.003 -20"><span class='ocrx_word' id='word_1_5' title='bbox 189 747 249 790; x_wconf 82' lang='lat' dir='ltr'><strong>uua</strong></span> <span class='ocrx_word' id='word_1_6' title='bbox 269 725 330 808; x_wconf 69' lang='lat' dir='ltr'><strong>²)t⁴</strong></span> <span class='ocrx_word' id='word_1_7' title='bbox 349 730 382 789; x_wconf 78' lang='lat' dir='ltr'><em>V</em></span> <span class='ocrx_word' id='word_1_8' title='bbox 398 750 475 793; x_wconf 83' lang='lat' dir='ltr'><strong>aare</strong></span> <span class='ocrx_word' id='word_1_9' title='bbox 492 731 570 792; x_wconf 73' lang='lat' dir='ltr'><strong>ioco</strong></span> <span class='ocrx_word' id='word_1_10' title='bbox 589 731 803 792; x_wconf 75' lang='lat' dir='ltr'><strong>consonantis</strong></span> <span class='ocrx_word' id='word_1_11' title='bbox 820 731 934 810; x_wconf 81' lang='lat' dir='ltr'><strong>posita</strong></span> <span class='ocrx_word' id='word_1_12' title='bbox 991 741 1059 790; x_wconf 84' lang='lat' dir='ltr'><strong>tum</strong></span> <span class='ocrx_word' id='word_1_13' title='bbox 1076 727 1110 790; x_wconf 89' lang='lat' dir='ltr'><strong>in</strong></span> <span class='ocrx_word' id='word_1_14' title='bbox 1126 725 1295 790; x_wconf 73' lang='lat' dir='ltr'><strong>Graeciam</strong></span> <span class='ocrx_word' id='word_1_15' title='bbox 1315 730 1461 809; x_wconf 83' lang='lat' dir='ltr'><strong>ejusdem</strong></span> <span class='ocrx_word' id='word_1_16' title='bbox 1479 749 1551 792; x_wconf 81' lang='lat' dir='ltr'><strong>cum</strong></span> <span class='ocrx_word' id='word_1_17' title='bbox 1569 732 1635 794; x_wconf 87' lang='lat' dir='ltr'><strong>buo</strong></span> <span class='ocrx_word' id='word_1_18' title='bbox 1650 732 1736 794; x_wconf 78' lang='lat' dir='ltr'><strong>talc·</strong></span> 
     </span>
     <span class='ocr_line' id='line_1_3' title="bbox 189 819 1733 916; baseline -0.003 -18"><span class='ocrx_word' id='word_1_19' title='bbox 189 837 325 898; x_wconf 73' lang='lat' dir='ltr'><strong>totidem</strong></span> <span class='ocrx_word' id='word_1_20' title='bbox 343 852 482 916; x_wconf 81' lang='lat' dir='ltr'><strong>prorsus</strong></span> <span class='ocrx_word' id='word_1_21' title='bbox 502 831 539 894; x_wconf 84' lang='lat' dir='ltr'><strong>in</strong></span> <span class='ocrx_word' id='word_1_22' title='bbox 562 830 714 892; x_wconf 81' lang='lat' dir='ltr'><strong>omnibus</strong></span> <span class='ocrx_word' id='word_1_23' title='bbox 730 835 798 893; x_wconf 83' lang='lat' dir='ltr'><strong>nim</strong></span> <span class='ocrx_word' id='word_1_24' title='bbox 815 830 934 892; x_wconf 77' lang='lat' dir='ltr'><strong>tatuit</strong></span> <span class='ocrx_word' id='word_1_25' title='bbox 990 831 1054 906; x_wconf 87' lang='lat' dir='ltr'><strong>ria,</strong></span> <span class='ocrx_word' id='word_1_26' title='bbox 1079 831 1265 912; x_wconf 78' lang='lat' dir='ltr'><strong>neglectum</strong></span> <span class='ocrx_word' id='word_1_27' title='bbox 1282 851 1300 892; x_wconf 87' lang='lat' dir='ltr'><strong>a</strong></span> <span class='ocrx_word' id='word_1_28' title='bbox 1316 829 1468 906; x_wconf 78' lang='lat' dir='ltr'><strong>Graecia,</strong></span> <span class='ocrx_word' id='word_1_29' title='bbox 1496 819 1579 913; x_wconf 46' lang='lat' dir='ltr'><strong>qnia⁴</strong></span> <span class='ocrx_word' id='word_1_30' title='bbox 1592 833 1733 896; x_wconf 89' lang='lat' dir='ltr'><strong>eundem</strong></span> 
     </span>
     <span class='ocr_line' id='line_1_4' title="bbox 190 931 1735 1020; baseline -0.002 -21"><span class='ocrx_word' id='word_1_31' title='bbox 190 938 280 1020; x_wconf 80' lang='lat' dir='ltr'><strong>apud</strong></span> <span class='ocrx_word' id='word_1_32' title='bbox 302 936 463 1008; x_wconf 80' lang='lat' dir='ltr'><strong>Latinos,</strong></span> <span class='ocrx_word' id='word_1_33' title='bbox 499 951 598 1012; x_wconf 79' lang='lat' dir='ltr'><strong>quant</strong></span> <span class='ocrx_word' id='word_1_34' title='bbox 623 934 715 1016; x_wconf 81' lang='lat' dir='ltr'><strong>apud</strong></span> <span class='ocrx_word' id='word_1_35' title='bbox 734 931 860 995; x_wconf 76' lang='lat' dir='ltr'><strong>Aeolus</strong></span> <span class='ocrx_word' id='word_1_36' title='bbox 885 933 948 994; x_wconf 75' lang='lat' dir='ltr'><strong>cu·-</strong></span> <span class='ocrx_word' id='word_1_37' title='bbox 990 952 1084 994; x_wconf 81' lang='lat' dir='ltr'><strong>usum</strong></span> <span class='ocrx_word' id='word_1_38' title='bbox 1102 931 1285 1014; x_wconf 68' lang='lat' dir='ltr'><strong>praestabat</strong></span> <span class='ocrx_word' id='word_1_39' title='bbox 1303 931 1433 1012; x_wconf 70' lang='lat' dir='ltr'><strong>stuppa,</strong></span> <span class='ocrx_word' id='word_1_40' title='bbox 1459 931 1556 994; x_wconf 80' lang='lat' dir='ltr'><strong>desiit</strong></span> <span class='ocrx_word' id='word_1_41' title='bbox 1570 931 1735 996; x_wconf 79' lang='lat' dir='ltr'><strong>caralita·</strong></span> 
     </span>
     <span class='ocr_line' id='line_1_5' title="bbox 187 1031 1733 1122; baseline -0.001 -22"><span class='ocrx_word' id='word_1_42' title='bbox 187 1057 327 1122; x_wconf 70' lang='lat' dir='ltr'><strong>gamma</strong></span> <span class='ocrx_word' id='word_1_43' title='bbox 343 1036 379 1099; x_wconf 79' lang='lat' dir='ltr'><strong>F.</strong></span> <span class='ocrx_word' id='word_1_44' title='bbox 413 1035 509 1097; x_wconf 79' lang='lat' dir='ltr'><strong>Vnde</strong></span> <span class='ocrx_word' id='word_1_45' title='bbox 530 1031 736 1114; x_wconf 65' lang='lat' dir='ltr'><strong>optaresque</strong></span> <span class='ocrx_word' id='word_1_46' title='bbox 759 1035 792 1094; x_wconf 83' lang='lat' dir='ltr'><strong>ci</strong></span> <span class='ocrx_word' id='word_1_47' title='bbox 816 1053 933 1094; x_wconf 84' lang='lat' dir='ltr'><strong>numen</strong></span> <span class='ocrx_word' id='word_1_48' title='bbox 990 1049 1046 1110; x_wconf 84' lang='lat' dir='ltr'><strong>ra,</strong></span> <span class='ocrx_word' id='word_1_49' title='bbox 1081 1045 1270 1116; x_wconf 81' lang='lat' dir='ltr'><strong>usurpatum</strong></span> <span class='ocrx_word' id='word_1_50' title='bbox 1296 1043 1405 1095; x_wconf 81' lang='lat' dir='ltr'><strong>tamen</strong></span> <span class='ocrx_word' id='word_1_51' title='bbox 1430 1031 1586 1116; x_wconf 81' lang='lat' dir='ltr'><strong>deinceps</strong></span> <span class='ocrx_word' id='word_1_52' title='bbox 1612 1035 1733 1111; x_wconf 85' lang='lat' dir='ltr'><strong>adhuc,</strong></span> 
     </span>
     <span class='ocr_line' id='line_1_6' title="bbox 190 1133 1735 1216; baseline -0.001 -16"><span class='ocrx_word' id='word_1_53' title='bbox 190 1140 254 1202; x_wconf 79' lang='lat' dir='ltr'><strong>lton</strong></span> <span class='ocrx_word' id='word_1_54' title='bbox 283 1139 399 1212; x_wconf 80' lang='lat' dir='ltr'><strong>datur,</strong></span> <span class='ocrx_word' id='word_1_55' title='bbox 433 1133 521 1215; x_wconf 79' lang='lat' dir='ltr'><strong>quod</strong></span> <span class='ocrx_word' id='word_1_56' title='bbox 547 1137 635 1214; x_wconf 85' lang='lat' dir='ltr'><strong>apud</strong></span> <span class='ocrx_word' id='word_1_57' title='bbox 660 1133 786 1198; x_wconf 75' lang='lat' dir='ltr'><strong>Arolos</strong></span> <span class='ocrx_word' id='word_1_58' title='bbox 814 1134 933 1196; x_wconf 76' lang='lat' dir='ltr'><strong>babuit</strong></span> <span class='ocrx_word' id='word_1_59' title='bbox 989 1134 1048 1198; x_wconf 81' lang='lat' dir='ltr'><strong>aad</strong></span> <span class='ocrx_word' id='word_1_60' title='bbox 1076 1133 1387 1216; x_wconf 87' lang='lat' dir='ltr'><strong>munereepiaemi,</strong></span> <span class='ocrx_word' id='word_1_61' title='bbox 1412 1134 1651 1199; x_wconf 86' lang='lat' dir='ltr'><strong>adnotandum</strong></span> <span class='ocrx_word' id='word_1_62' title='bbox 1676 1159 1735 1199; x_wconf 90' lang='lat' dir='ltr'><strong>na-</strong></span> 
     </span>
     <span class='ocr_line' id='line_1_7' title="bbox 191 1233 1735 1320; baseline -0.001 -18"><span class='ocrx_word' id='word_1_63' title='bbox 191 1243 271 1306; x_wconf 82' lang='lat' dir='ltr'><strong>ulim</strong></span> <span class='ocrx_word' id='word_1_64' title='bbox 288 1239 324 1302; x_wconf 75' lang='grc' dir='ltr'>Ε</span> <span class='ocrx_word' id='word_1_65' title='bbox 342 1239 530 1320; x_wconf 82' lang='lat' dir='ltr'><strong>digamma,</strong></span> <span class='ocrx_word' id='word_1_66' title='bbox 544 1235 590 1298; x_wconf 76' lang='lat' dir='ltr'><strong>ta</strong></span> <span class='ocrx_word' id='word_1_67' title='bbox 604 1245 672 1298; x_wconf 80' lang='lat' dir='ltr'><strong>cst:</strong></span> <span class='ocrx_word' id='word_1_68' title='bbox 693 1234 797 1310; x_wconf 65' lang='lat' dir='ltr'><strong>VH,</strong></span> <span class='ocrx_word' id='word_1_69' title='bbox 820 1236 861 1295; x_wconf 82' lang='lat' dir='ltr'><strong>ot</strong></span> <span class='ocrx_word' id='word_1_70' title='bbox 884 1237 939 1316; x_wconf 75' lang='lat' dir='ltr'><strong>ip·</strong></span> <span class='ocrx_word' id='word_1_71' title='bbox 990 1257 1117 1300; x_wconf 83' lang='lat' dir='ltr'><strong>merum</strong></span> <span class='ocrx_word' id='word_1_72' title='bbox 1138 1235 1225 1308; x_wconf 69' lang='lat' dir='ltr'><strong>xc„</strong></span> <span class='ocrx_word' id='word_1_73' title='bbox 1251 1233 1336 1317; x_wconf 84' lang='lat' dir='ltr'><strong>apud</strong></span> <span class='ocrx_word' id='word_1_74' title='bbox 1353 1235 1486 1298; x_wconf 80' lang='lat' dir='ltr'><strong>batiaca</strong></span> <span class='ocrx_word' id='word_1_75' title='bbox 1507 1249 1614 1302; x_wconf 90' lang='lat' dir='ltr'><strong>tamen</strong></span> <span class='ocrx_word' id='word_1_76' title='bbox 1638 1238 1673 1300; x_wconf 90' lang='lat' dir='ltr'><strong>in</strong></span> <span class='ocrx_word' id='word_1_77' title='bbox 1695 1239 1735 1300; x_wconf 84' lang='lat' dir='ltr'><strong>li·</strong></span> 
     </span>
     <span class='ocr_line' id='line_1_8' title="bbox 189 1333 1797 1428; baseline -0.002 -23"><span class='ocrx_word' id='word_1_78' title='bbox 189 1344 262 1406; x_wconf 79' lang='lat' dir='ltr'><strong>aius</strong></span> <span class='ocrx_word' id='word_1_79' title='bbox 282 1360 362 1403; x_wconf 78' lang='lat' dir='ltr'><strong>vore</strong></span> <span class='ocrx_word' id='word_1_80' title='bbox 382 1340 569 1423; x_wconf 60' lang='lat' dir='ltr'><strong>permirtum</strong></span> <span class='ocrx_word' id='word_1_81' title='bbox 597 1348 682 1400; x_wconf 81' lang='lat' dir='ltr'><strong>toste</strong></span> <span class='ocrx_word' id='word_1_82' title='bbox 705 1343 870 1415; x_wconf 75' lang='lat' dir='ltr'><strong>Varrone,</strong></span> <span class='ocrx_word' id='word_1_83' title='bbox 900 1353 935 1401; x_wconf 83' lang='lat' dir='ltr'><strong>ct</strong></span> <span class='ocrx_word' id='word_1_84' title='bbox 989 1349 1060 1400; x_wconf 88' lang='lat' dir='ltr'><strong>tera</strong></span> <span class='ocrx_word' id='word_1_85' title='bbox 1077 1334 1108 1428; x_wconf 70' lang='lat' dir='ltr'>Q</span> <span class='ocrx_word' id='word_1_86' title='bbox 1125 1348 1308 1419; x_wconf 78' lang='lat' dir='ltr'><strong>superstet,</strong></span> <span class='ocrx_word' id='word_1_87' title='bbox 1330 1335 1364 1396; x_wconf 91' lang='lat' dir='ltr'><strong>ln</strong></span> <span class='ocrx_word' id='word_1_88' title='bbox 1386 1356 1524 1422; x_wconf 79' lang='lat' dir='ltr'><strong>quorum</strong></span> <span class='ocrx_word' id='word_1_89' title='bbox 1546 1339 1671 1421; x_wconf 89' lang='lat' dir='ltr'><strong>pariter</strong></span> <span class='ocrx_word' id='word_1_90' title='bbox 1689 1333 1736 1402; x_wconf 77' lang='lat' dir='ltr'><strong>‘al-</strong></span> <span class='ocrx_word' id='word_1_91' title='bbox 1789 1349 1797 1366; x_wconf 86' lang='lat'><strong>·</strong></span> 
     </span>
     <span class='ocr_line' id='line_1_9' title="bbox 191 1434 1733 1526; baseline -0.002 -19"><span class='ocrx_word' id='word_1_92' title='bbox 191 1443 355 1526; x_wconf 80' lang='lat' dir='ltr'><strong>Didymo,</strong></span> <span class='ocrx_word' id='word_1_93' title='bbox 390 1443 448 1516; x_wconf 79' lang='lat' dir='ltr'><strong>qui</strong></span> <span class='ocrx_word' id='word_1_94' title='bbox 472 1438 510 1500; x_wconf 82' lang='lat' dir='ltr'><strong>id</strong></span> <span class='ocrx_word' id='word_1_95' title='bbox 535 1437 567 1499; x_wconf 84' lang='lat' dir='ltr'><strong>ai</strong></span> <span class='ocrx_word' id='word_1_96' title='bbox 594 1457 711 1501; x_wconf 83' lang='lat' dir='ltr'><strong>nornen</strong></span> <span class='ocrx_word' id='word_1_97' title='bbox 732 1459 803 1504; x_wconf 79' lang='lat' dir='ltr'><strong>casn</strong></span> <span class='ocrx_word' id='word_1_98' title='bbox 827 1453 935 1502; x_wconf 80' lang='lat' dir='ltr'><strong>oston-</strong></span> <span class='ocrx_word' id='word_1_99' title='bbox 989 1437 1132 1522; x_wconf 80' lang='lat' dir='ltr'><strong>pbtbete</strong></span> <span class='ocrx_word' id='word_1_100' title='bbox 1156 1434 1293 1500; x_wconf 86' lang='lat' dir='ltr'><strong>eandem</strong></span> <span class='ocrx_word' id='word_1_101' title='bbox 1318 1438 1454 1501; x_wconf 87' lang='lat' dir='ltr'><strong>retinnit</strong></span> <span class='ocrx_word' id='word_1_102' title='bbox 1478 1440 1608 1518; x_wconf 86' lang='lat' dir='ltr'><strong>aedem,</strong></span> <span class='ocrx_word' id='word_1_103' title='bbox 1638 1461 1733 1525; x_wconf 86' lang='lat' dir='ltr'><strong>qaam</strong></span> 
     </span>
     <span class='ocr_line' id='line_1_10' title="bbox 189 1535 1733 1624; baseline 0 -20"><span class='ocrx_word' id='word_1_104' title='bbox 189 1545 282 1606; x_wconf 85' lang='lat' dir='ltr'><strong>dant.</strong></span> <span class='ocrx_word' id='word_1_105' title='bbox 301 1541 412 1624; x_wconf 59' lang='lat' dir='ltr'><strong>Ergo</strong></span> <span class='ocrx_word' id='word_1_106' title='bbox 440 1537 473 1600; x_wconf 85' lang='lat' dir='ltr'><strong>in</strong></span> <span class='ocrx_word' id='word_1_107' title='bbox 501 1535 562 1602; x_wconf 85' lang='lat' dir='ltr'><strong>bac</strong></span> <span class='ocrx_word' id='word_1_108' title='bbox 593 1539 753 1603; x_wconf 70' lang='lat' dir='ltr'><strong>tentantia</strong></span> <span class='ocrx_word' id='word_1_109' title='bbox 776 1541 937 1605; x_wconf 81' lang='lat' dir='ltr'><strong>babemus</strong></span> <span class='ocrx_word' id='word_1_110' title='bbox 988 1539 1023 1601; x_wconf 90' lang='lat' dir='ltr'><strong>in</strong></span> <span class='ocrx_word' id='word_1_111' title='bbox 1045 1535 1173 1601; x_wconf 78' lang='lat' dir='ltr'><strong>Graeco</strong></span> <span class='ocrx_word' id='word_1_112' title='bbox 1196 1537 1275 1599; x_wconf 87' lang='lat' dir='ltr'><strong>elim</strong></span> <span class='ocrx_word' id='word_1_113' title='bbox 1297 1537 1426 1615; x_wconf 84' lang='lat' dir='ltr'><strong>babuit,</strong></span> <span class='ocrx_word' id='word_1_114' title='bbox 1449 1559 1569 1623; x_wconf 84' lang='lat' dir='ltr'><strong>nempe</strong></span> <span class='ocrx_word' id='word_1_115' title='bbox 1592 1541 1678 1603; x_wconf 83' lang='lat' dir='ltr'><strong>inter</strong></span> <span class='ocrx_word' id='word_1_116' title='bbox 1696 1539 1733 1604; x_wconf 85' lang='lat' dir='ltr'><strong>ll</strong></span> 
     </span>
     <span class='ocr_line' id='line_1_11' title="bbox 189 1637 1734 1725; baseline -0.002 -19"><span class='ocrx_word' id='word_1_117' title='bbox 189 1641 285 1707; x_wconf 83' lang='lat' dir='ltr'><strong>etiem</strong></span> <span class='ocrx_word' id='word_1_118' title='bbox 302 1643 487 1708; x_wconf 77' lang='lat' dir='ltr'><strong>Varronem</strong></span> <span class='ocrx_word' id='word_1_119' title='bbox 507 1637 543 1698; x_wconf 91' lang='lat' dir='ltr'><strong>in</strong></span> <span class='ocrx_word' id='word_1_120' title='bbox 564 1639 724 1704; x_wconf 79' lang='lat' dir='ltr'><strong>similibus</strong></span> <span class='ocrx_word' id='word_1_121' title='bbox 747 1643 850 1706; x_wconf 82' lang='lat' dir='ltr'><strong>canale</strong></span> <span class='ocrx_word' id='word_1_122' title='bbox 869 1645 935 1706; x_wconf 87' lang='lat' dir='ltr'><strong>lie·</strong></span> <span class='ocrx_word' id='word_1_123' title='bbox 990 1653 1023 1704; x_wconf 79' lang='lat' dir='ltr'><strong>et</strong></span> <span class='ocrx_word' id='word_1_124' title='bbox 1040 1637 1078 1718; x_wconf 89' lang='lat' dir='ltr'><strong>P,</strong></span> <span class='ocrx_word' id='word_1_125' title='bbox 1093 1657 1179 1722; x_wconf 83' lang='lat' dir='ltr'><strong>quae</strong></span> <span class='ocrx_word' id='word_1_126' title='bbox 1193 1637 1301 1702; x_wconf 87' lang='lat' dir='ltr'><strong>amnia</strong></span> <span class='ocrx_word' id='word_1_127' title='bbox 1319 1639 1414 1702; x_wconf 84' lang='lat' dir='ltr'><strong>lutiae</strong></span> <span class='ocrx_word' id='word_1_128' title='bbox 1426 1638 1513 1703; x_wconf 82' lang='lat' dir='ltr'><strong>iufra</strong></span> <span class='ocrx_word' id='word_1_129' title='bbox 1527 1639 1734 1725; x_wconf 82' lang='lat' dir='ltr'><strong>explicabun-</strong></span> 
     </span>
     <span class='ocr_line' id='line_1_12' title="bbox 189 1741 1733 1830; baseline -0.002 -24"><span class='ocrx_word' id='word_1_130' title='bbox 189 1762 358 1808; x_wconf 85' lang='lat' dir='ltr'><strong>mauorum</strong></span> <span class='ocrx_word' id='word_1_131' title='bbox 381 1741 605 1804; x_wconf 81' lang='lat' dir='ltr'><strong>doctissimum</strong></span> <span class='ocrx_word' id='word_1_132' title='bbox 633 1743 812 1820; x_wconf 87' lang='lat' dir='ltr'><strong>creditum,</strong></span> <span class='ocrx_word' id='word_1_133' title='bbox 844 1743 951 1830; x_wconf 81' lang='lat' dir='ltr'><strong>quod·</strong></span> <span class='ocrx_word' id='word_1_134' title='bbox 989 1756 1054 1808; x_wconf 87' lang='lat' dir='ltr'><strong>tur.</strong></span> <span class='ocrx_word' id='word_1_135' title='bbox 1083 1745 1189 1824; x_wconf 73' lang='lat' dir='ltr'><strong>btque</strong></span> <span class='ocrx_word' id='word_1_136' title='bbox 1209 1753 1346 1824; x_wconf 85' lang='lat' dir='ltr'><strong>prepter</strong></span> <span class='ocrx_word' id='word_1_137' title='bbox 1365 1741 1422 1803; x_wconf 87' lang='lat' dir='ltr'><strong>bae</strong></span> <span class='ocrx_word' id='word_1_138' title='bbox 1440 1762 1550 1805; x_wconf 78' lang='lat' dir='ltr'><strong>canuae</strong></span> <span class='ocrx_word' id='word_1_139' title='bbox 1568 1763 1635 1804; x_wconf 90' lang='lat' dir='ltr'><strong>nou</strong></span> <span class='ocrx_word' id='word_1_140' title='bbox 1653 1741 1733 1805; x_wconf 89' lang='lat' dir='ltr'><strong>mibi</strong></span> 
     </span>
     <span class='ocr_line' id='line_1_13' title="bbox 190 1839 1734 1928; baseline -0.001 -20"><span class='ocrx_word' id='word_1_141' title='bbox 190 1859 224 1908; x_wconf 87' lang='lat' dir='ltr'><strong>et</strong></span> <span class='ocrx_word' id='word_1_142' title='bbox 249 1845 297 1908; x_wconf 82' lang='lat' dir='ltr'><strong>de</strong></span> <span class='ocrx_word' id='word_1_143' title='bbox 315 1841 459 1924; x_wconf 82' lang='lat' dir='ltr'><strong>Didyme</strong></span> <span class='ocrx_word' id='word_1_144' title='bbox 485 1839 675 1905; x_wconf 80' lang='lat' dir='ltr'><strong>adbrunuur</strong></span> <span class='ocrx_word' id='word_1_145' title='bbox 699 1845 784 1928; x_wconf 89' lang='lat' dir='ltr'><strong>apud</strong></span> <span class='ocrx_word' id='word_1_146' title='bbox 806 1848 934 1909; x_wconf 83' lang='lat' dir='ltr'><strong>Macru-</strong></span> <span class='ocrx_word' id='word_1_147' title='bbox 990 1845 1065 1908; x_wconf 81' lang='lat' dir='ltr'><strong>aetia</strong></span> <span class='ocrx_word' id='word_1_148' title='bbox 1091 1855 1200 1928; x_wconf 81' lang='lat' dir='ltr'><strong>potent</strong></span> <span class='ocrx_word' id='word_1_149' title='bbox 1225 1840 1359 1923; x_wconf 83' lang='lat' dir='ltr'><strong>probari</strong></span> <span class='ocrx_word' id='word_1_150' title='bbox 1381 1843 1485 1905; x_wconf 88' lang='lat' dir='ltr'><strong>uratia</strong></span> <span class='ocrx_word' id='word_1_151' title='bbox 1510 1845 1734 1924; x_wconf 79' lang='lat' dir='ltr'><strong>grammatico·</strong></span> 
     </span>
     <span class='ocr_line' id='line_1_14' title="bbox 190 1939 1735 2028; baseline 0.001 -20"><span class='ocrx_word' id='word_1_152' title='bbox 190 1941 346 2028; x_wconf 71' lang='lat' dir='ltr'><strong>bion-b).</strong></span> <span class='ocrx_word' id='word_1_153' title='bbox 383 1940 474 2006; x_wconf 80' lang='lat' dir='ltr'>Alibi</span> <span class='ocrx_word' id='word_1_154' title='bbox 496 1939 586 2004; x_wconf 86' lang='lat' dir='ltr'><strong>idem</strong></span> <span class='ocrx_word' id='word_1_155' title='bbox 608 1946 653 2007; x_wconf 91' lang='lat' dir='ltr'><strong>ait</strong></span> <span class='ocrx_word' id='word_1_156' title='bbox 674 1946 724 2026; x_wconf 73' lang='lat'><strong>0)=</strong></span> <span class='ocrx_word' id='word_1_157' title='bbox 748 1945 861 2024; x_wconf 63' lang='lat' dir='ltr'><strong>VAV,</strong></span> <span class='ocrx_word' id='word_1_158' title='bbox 898 1949 935 2009; x_wconf 84' lang='lat' dir='ltr'><strong>id</strong></span> <span class='ocrx_word' id='word_1_159' title='bbox 990 1965 1062 2007; x_wconf 85' lang='lat' dir='ltr'><strong>rum</strong></span> <span class='ocrx_word' id='word_1_160' title='bbox 1091 1958 1255 2018; x_wconf 80' lang='lat' dir='ltr'><strong>veterum,</strong></span> <span class='ocrx_word' id='word_1_161' title='bbox 1286 1945 1341 2028; x_wconf 90' lang='lat' dir='ltr'><strong>qui</strong></span> <span class='ocrx_word' id='word_1_162' title='bbox 1369 1944 1569 2026; x_wconf 79' lang='lat' dir='ltr'><strong>primaevum</strong></span> <span class='ocrx_word' id='word_1_163' title='bbox 1591 1944 1735 2009; x_wconf 82' lang='lat' dir='ltr'><strong>Graeco·</strong></span> 
     </span>
     <span class='ocr_line' id='line_1_15' title="bbox 189 2043 1734 2129; baseline -0.001 -19"><span class='ocrx_word' id='word_1_164' title='bbox 189 2061 257 2111; x_wconf 79' lang='lat' dir='ltr'><strong>ost:</strong></span> <span class='ocrx_word' id='word_1_165' title='bbox 283 2047 462 2129; x_wconf 81' lang='lat' dir='ltr'><strong>digamma.</strong></span> <span class='ocrx_word' id='word_1_166' title='bbox 496 2044 666 2108; x_wconf 81' lang='lat' dir='ltr'><strong>Contentit</strong></span> <span class='ocrx_word' id='word_1_167' title='bbox 683 2047 804 2110; x_wconf 73' lang='lat' dir='ltr'><strong>Mariua</strong></span> <span class='ocrx_word' id='word_1_168' title='bbox 822 2049 938 2114; x_wconf 83' lang='lat' dir='ltr'><strong>Victo·</strong></span> <span class='ocrx_word' id='word_1_169' title='bbox 989 2068 1062 2110; x_wconf 87' lang='lat' dir='ltr'><strong>rum</strong></span> <span class='ocrx_word' id='word_1_170' title='bbox 1083 2045 1306 2129; x_wconf 78' lang='lat' dir='ltr'><strong>alphabetum,</strong></span> <span class='ocrx_word' id='word_1_171' title='bbox 1333 2043 1509 2107; x_wconf 75' lang='lat' dir='ltr'><strong>Cadmeum</strong></span> <span class='ocrx_word' id='word_1_172' title='bbox 1530 2043 1672 2122; x_wconf 83' lang='lat' dir='ltr'><strong>scilicet,</strong></span> <span class='ocrx_word' id='word_1_173' title='bbox 1696 2047 1734 2108; x_wconf 92' lang='lat' dir='ltr'><strong>li·</strong></span> 
     </span>
     <span class='ocr_line' id='line_1_16' title="bbox 190 2143 1733 2234; baseline -0.002 -23"><span class='ocrx_word' id='word_1_174' title='bbox 190 2145 378 2224; x_wconf 67' lang='lat' dir='ltr'><strong>rinumit</strong></span> <span class='ocrx_word' id='word_1_175' title='bbox 402 2143 490 2210; x_wconf 85' lang='lat' dir='ltr'><strong>enim</strong></span> <span class='ocrx_word' id='word_1_176' title='bbox 512 2147 562 2228; x_wconf 71' lang='lat'><strong>⁶)=</strong></span> <span class='ocrx_word' id='word_1_177' title='bbox 593 2143 630 2208; x_wconf 75' lang='lat' dir='ltr'><strong>tt</strong></span> <span class='ocrx_word' id='word_1_178' title='bbox 645 2151 754 2212; x_wconf 75' lang='lat' dir='ltr'><strong>nostri</strong></span> <span class='ocrx_word' id='word_1_179' title='bbox 769 2145 861 2216; x_wconf 83' lang='lat' dir='ltr'><strong>VbV</strong></span> <span class='ocrx_word' id='word_1_180' title='bbox 883 2170 936 2211; x_wconf 87' lang='lat' dir='ltr'><strong>uo·</strong></span> <span class='ocrx_word' id='word_1_181' title='bbox 989 2150 1069 2212; x_wconf 80' lang='lat' dir='ltr'><strong>teria</strong></span> <span class='ocrx_word' id='word_1_182' title='bbox 1098 2144 1321 2208; x_wconf 85' lang='lat' dir='ltr'><strong>tantummodo</strong></span> <span class='ocrx_word' id='word_1_183' title='bbox 1344 2144 1452 2222; x_wconf 70' lang='lat' dir='ltr'><strong>avt,</strong></span> <span class='ocrx_word' id='word_1_184' title='bbox 1482 2166 1560 2234; x_wconf 80' lang='lat' dir='ltr'><strong>quae</strong></span> <span class='ocrx_word' id='word_1_185' title='bbox 1589 2145 1676 2208; x_wconf 89' lang='lat' dir='ltr'><strong>iuter</strong></span> <span class='ocrx_word' id='word_1_186' title='bbox 1704 2147 1733 2208; x_wconf 85' lang='lat' dir='ltr'>F</span> 
     </span>
     <span class='ocr_line' id='line_1_17' title="bbox 188 2247 1733 2332; baseline -0.001 -19"><span class='ocrx_word' id='word_1_187' title='bbox 188 2265 284 2329; x_wconf 85' lang='lat' dir='ltr'><strong>cant,</strong></span> <span class='ocrx_word' id='word_1_188' title='bbox 298 2263 344 2313; x_wconf 76' lang='lat' dir='ltr'><strong>et</strong></span> <span class='ocrx_word' id='word_1_189' title='bbox 367 2248 433 2312; x_wconf 84' lang='lat' dir='ltr'><strong>alii</strong></span> <span class='ocrx_word' id='word_1_190' title='bbox 455 2250 645 2330; x_wconf 66' lang='lat' dir='ltr'><strong>digamma.</strong></span> <span class='ocrx_word' id='word_1_191' title='bbox 663 2247 805 2311; x_wconf 75' lang='lat' dir='ltr'><strong>Raram</strong></span> <span class='ocrx_word' id='word_1_192' title='bbox 828 2250 875 2331; x_wconf 65' lang='grc' dir='ltr'><strong>ε)ε</strong></span> <span class='ocrx_word' id='word_1_193' title='bbox 895 2251 941 2314; x_wconf 68' lang='grc' dir='ltr'><em>Τ</em></span> <span class='ocrx_word' id='word_1_194' title='bbox 990 2269 1055 2312; x_wconf 89' lang='lat' dir='ltr'><strong>nun</strong></span> <span class='ocrx_word' id='word_1_195' title='bbox 1069 2260 1260 2321; x_wconf 76' lang='lat' dir='ltr'><strong>recensent,</strong></span> <span class='ocrx_word' id='word_1_196' title='bbox 1283 2248 1467 2310; x_wconf 83' lang='lat' dir='ltr'><strong>uenatitieae</strong></span> <span class='ocrx_word' id='word_1_197' title='bbox 1484 2247 1587 2330; x_wconf 88' lang='lat' dir='ltr'><strong>ajunt,</strong></span> <span class='ocrx_word' id='word_1_198' title='bbox 1612 2267 1733 2332; x_wconf 82' lang='lat' dir='ltr'><strong>eaeque</strong></span> 
     </span>
     <span class='ocr_line' id='line_1_18' title="bbox 190 2346 1749 2433; baseline 0.002 -19"><span class='ocrx_word' id='word_1_199' title='bbox 190 2363 301 2414; x_wconf 83' lang='lat' dir='ltr'><strong>nutam</strong></span> <span class='ocrx_word' id='word_1_200' title='bbox 330 2349 455 2412; x_wconf 79' lang='lat' dir='ltr'><strong>Aeolis</strong></span> <span class='ocrx_word' id='word_1_201' title='bbox 484 2349 654 2412; x_wconf 72' lang='lat' dir='ltr'><strong>duntaxat</strong></span> <span class='ocrx_word' id='word_1_202' title='bbox 686 2351 776 2413; x_wconf 82' lang='lat' dir='ltr'><strong>idom</strong></span> <span class='ocrx_word' id='word_1_203' title='bbox 808 2351 958 2425; x_wconf 56' lang='lat' dir='ltr'><strong>vulne„</strong></span> <span class='ocrx_word' id='word_1_204' title='bbox 989 2351 1073 2433; x_wconf 82' lang='lat' dir='ltr'><strong>iprae</strong></span> <span class='ocrx_word' id='word_1_205' title='bbox 1095 2349 1137 2412; x_wconf 85' lang='lat' dir='ltr'><strong>ab</strong></span> <span class='ocrx_word' id='word_1_206' title='bbox 1160 2346 1314 2414; x_wconf 83' lang='lat' dir='ltr'><strong>Evandro</strong></span> <span class='ocrx_word' id='word_1_207' title='bbox 1339 2349 1374 2410; x_wconf 91' lang='lat' dir='ltr'><strong>in</strong></span> <span class='ocrx_word' id='word_1_208' title='bbox 1396 2347 1749 2428; x_wconf 68' lang='lat' dir='ltr'><strong>Latium‘traductae,</strong></span> 
     </span>
     <span class='ocr_line' id='line_1_19' title="bbox 187 2448 1735 2536; baseline -0.001 -22"><span class='ocrx_word' id='word_1_209' title='bbox 187 2453 276 2530; x_wconf 77' lang='lat' dir='ltr'><strong>qaod</strong></span> <span class='ocrx_word' id='word_1_210' title='bbox 296 2451 388 2535; x_wconf 79' lang='lat' dir='ltr'><strong>opud</strong></span> <span class='ocrx_word' id='word_1_211' title='bbox 405 2469 467 2512; x_wconf 76' lang='lat' dir='ltr'><strong>noo</strong></span> <span class='ocrx_word' id='word_1_212' title='bbox 491 2451 531 2524; x_wconf 73' lang='lat' dir='ltr'><strong>V,</strong></span> <span class='ocrx_word' id='word_1_213' title='bbox 557 2469 632 2511; x_wconf 82' lang='lat' dir='ltr'><strong>cunr</strong></span> <span class='ocrx_word' id='word_1_214' title='bbox 652 2470 715 2531; x_wconf 82' lang='lat' dir='ltr'><strong>pro</strong></span> <span class='ocrx_word' id='word_1_215' title='bbox 735 2453 933 2514; x_wconf 76' lang='lat' dir='ltr'><strong>consonanti</strong></span> <span class='ocrx_word' id='word_1_216' title='bbox 990 2455 1087 2536; x_wconf 81' lang='lat' dir='ltr'><strong>atque</strong></span> <span class='ocrx_word' id='word_1_217' title='bbox 1109 2448 1160 2513; x_wconf 82' lang='lat' dir='ltr'><strong>bis</strong></span> <span class='ocrx_word' id='word_1_218' title='bbox 1182 2450 1287 2514; x_wconf 67' lang='lat' dir='ltr'><strong>aedua</strong></span> <span class='ocrx_word' id='word_1_219' title='bbox 1308 2472 1328 2513; x_wconf 88' lang='lat' dir='ltr'><strong>a</strong></span> <span class='ocrx_word' id='word_1_220' title='bbox 1347 2450 1471 2512; x_wconf 87' lang='lat' dir='ltr'><strong>Latinis</strong></span> <span class='ocrx_word' id='word_1_221' title='bbox 1492 2449 1616 2514; x_wconf 85' lang='lat' dir='ltr'><strong>additae</strong></span> <span class='ocrx_word' id='word_1_222' title='bbox 1637 2452 1666 2513; x_wconf 84' lang='lat' dir='ltr'>F</span> <span class='ocrx_word' id='word_1_223' title='bbox 1688 2449 1735 2512; x_wconf 89' lang='lat' dir='ltr'><strong>di-</strong></span> 
     </span>
     <span class='ocr_line' id='line_1_20' title="bbox 188 2547 1735 2638; baseline 0.003 -24"><span class='ocrx_word' id='word_1_224' title='bbox 188 2554 362 2630; x_wconf 77' lang='lat' dir='ltr'><strong>sorr&#39;bt&#39;tur,</strong></span> <span class='ocrx_word' id='word_1_225' title='bbox 392 2547 569 2628; x_wconf 79' lang='lat' dir='ltr'><strong>vocnriq&#39;oc</strong></span> <span class='ocrx_word' id='word_1_226' title='bbox 597 2547 664 2612; x_wconf 74' lang='lat' dir='ltr'><strong>Bau</strong></span> <span class='ocrx_word' id='word_1_227' title='bbox 692 2563 725 2612; x_wconf 84' lang='lat' dir='ltr'><strong>et</strong></span> <span class='ocrx_word' id='word_1_228' title='bbox 753 2555 932 2634; x_wconf 81' lang='lat' dir='ltr'><strong>digamma·</strong></span> <span class='ocrx_word' id='word_1_229' title='bbox 990 2573 1116 2638; x_wconf 82' lang='lat' dir='ltr'><strong>gamma</strong></span> <span class='ocrx_word' id='word_1_230' title='bbox 1137 2553 1327 2626; x_wconf 77' lang='lat' dir='ltr'><strong>¹Aeolicum,</strong></span> <span class='ocrx_word' id='word_1_231' title='bbox 1355 2565 1389 2616; x_wconf 88' lang='lat' dir='ltr'><strong>et</strong></span> <span class='ocrx_word' id='word_1_232' title='bbox 1409 2552 1451 2616; x_wconf 84' lang='lat' dir='ltr'><strong>x.</strong></span> <span class='ocrx_word' id='word_1_233' title='bbox 1487 2552 1667 2616; x_wconf 76' lang='lat' dir='ltr'><strong>Enimvero</strong></span> <span class='ocrx_word' id='word_1_234' title='bbox 1687 2554 1735 2618; x_wconf 81' lang='lat' dir='ltr'><strong>vi·</strong></span> 
     </span>
     <span class='ocr_line' id='line_1_21' title="bbox 189 2649 1732 2738; baseline 0.001 -22"><span class='ocrx_word' id='word_1_235' title='bbox 189 2655 282 2718; x_wconf 83' lang='lat' dir='ltr'><strong>Haeo</strong></span> <span class='ocrx_word' id='word_1_236' title='bbox 303 2649 411 2716; x_wconf 84' lang='lat' dir='ltr'><strong>omnia</strong></span> <span class='ocrx_word' id='word_1_237' title='bbox 435 2669 509 2714; x_wconf 87' lang='lat' dir='ltr'><strong>cum</strong></span> <span class='ocrx_word' id='word_1_238' title='bbox 528 2663 592 2714; x_wconf 81' lang='lat' dir='ltr'><strong>tun</strong></span> <span class='ocrx_word' id='word_1_239' title='bbox 609 2651 715 2732; x_wconf 89' lang='lat' dir='ltr'><strong>probe</strong></span> <span class='ocrx_word' id='word_1_240' title='bbox 733 2653 932 2736; x_wconf 73' lang='lat' dir='ltr'><strong>conopia-ent,</strong></span> <span class='ocrx_word' id='word_1_241' title='bbox 990 2653 1073 2731; x_wconf 77' lang='lat' dir='ltr'><strong>deb,</strong></span> <span class='ocrx_word' id='word_1_242' title='bbox 1102 2654 1142 2718; x_wconf 88' lang='lat' dir='ltr'><strong>ab</strong></span> <span class='ocrx_word' id='word_1_243' title='bbox 1170 2652 1285 2718; x_wconf 82' lang='lat' dir='ltr'><strong>iisdem</strong></span> <span class='ocrx_word' id='word_1_244' title='bbox 1312 2655 1364 2716; x_wconf 87' lang='lat' dir='ltr'><strong>bia</strong></span> <span class='ocrx_word' id='word_1_245' title='bbox 1391 2652 1608 2736; x_wconf 78' lang='lat' dir='ltr'><strong>grammaticis</strong></span> <span class='ocrx_word' id='word_1_246' title='bbox 1636 2653 1732 2738; x_wconf 89' lang='lat' dir='ltr'><strong>plane</strong></span> 
     </span>
     <span class='ocr_line' id='line_1_22' title="bbox 187 2751 1734 2842; baseline 0.003 -26"><span class='ocrx_word' id='word_1_247' title='bbox 187 2755 259 2842; x_wconf 81' lang='lat' dir='ltr'><strong>quia</strong></span> <span class='ocrx_word' id='word_1_248' title='bbox 274 2753 373 2820; x_wconf 78' lang='lat' dir='ltr'><strong>facile</strong></span> <span class='ocrx_word' id='word_1_249' title='bbox 389 2751 575 2838; x_wconf 78' lang='lat' dir='ltr'><strong>negaverit,</strong></span> <span class='ocrx_word' id='word_1_250' title='bbox 594 2752 723 2816; x_wconf 85' lang='lat' dir='ltr'><strong>literam</strong></span> <span class='ocrx_word' id='word_1_251' title='bbox 737 2753 775 2830; x_wconf 79' lang='lat' dir='ltr'><strong>F,</strong></span> <span class='ocrx_word' id='word_1_252' title='bbox 790 2754 881 2835; x_wconf 79' lang='lat' dir='ltr'><strong>cujus</strong></span> <span class='ocrx_word' id='word_1_253' title='bbox 898 2765 933 2816; x_wconf 85' lang='lat' dir='ltr'><strong>et</strong></span> <span class='ocrx_word' id='word_1_254' title='bbox 989 2755 1125 2819; x_wconf 84' lang='lat' dir='ltr'><strong>reticeri</strong></span> <span class='ocrx_word' id='word_1_255' title='bbox 1145 2757 1273 2819; x_wconf 83' lang='lat' dir='ltr'><strong>literam</strong></span> <span class='ocrx_word' id='word_1_256' title='bbox 1295 2755 1427 2839; x_wconf 85' lang='lat' dir='ltr'><strong>lioppa,</strong></span> <span class='ocrx_word' id='word_1_257' title='bbox 1456 2776 1514 2819; x_wconf 89' lang='lat' dir='ltr'><strong>sen</strong></span> <span class='ocrx_word' id='word_1_258' title='bbox 1535 2755 1649 2838; x_wconf 79' lang='lat' dir='ltr'><strong>lioph,</strong></span> <span class='ocrx_word' id='word_1_259' title='bbox 1677 2775 1734 2820; x_wconf 87' lang='lat' dir='ltr'><strong>ue·</strong></span> 
     </span>
     <span class='ocr_line' id='line_1_23' title="bbox 188 2852 1732 2942; baseline -0.001 -21"><span class='ocrx_word' id='word_1_260' title='bbox 188 2855 351 2940; x_wconf 85' lang='lat' dir='ltr'><strong>potentia,</strong></span> <span class='ocrx_word' id='word_1_261' title='bbox 376 2867 411 2918; x_wconf 89' lang='lat' dir='ltr'><strong>et</strong></span> <span class='ocrx_word' id='word_1_262' title='bbox 432 2872 554 2916; x_wconf 87' lang='lat' dir='ltr'><strong>nomen</strong></span> <span class='ocrx_word' id='word_1_263' title='bbox 573 2873 619 2924; x_wconf 69' lang='lat' dir='ltr'><strong>erv</strong></span> <span class='ocrx_word' id='word_1_264' title='bbox 635 2852 808 2936; x_wconf 84' lang='lat' dir='ltr'><strong>alphabeto</strong></span> <span class='ocrx_word' id='word_1_265' title='bbox 824 2855 933 2918; x_wconf 78' lang='lat' dir='ltr'><strong>Phoe·</strong></span> <span class='ocrx_word' id='word_1_266' title='bbox 989 2877 1053 2942; x_wconf 85' lang='lat' dir='ltr'><strong>qae</strong></span> <span class='ocrx_word' id='word_1_267' title='bbox 1077 2877 1154 2920; x_wconf 85' lang='lat' dir='ltr'><strong>eum</strong></span> <span class='ocrx_word' id='word_1_268' title='bbox 1181 2859 1346 2921; x_wconf 79' lang='lat' dir='ltr'><strong>uumermi</strong></span> <span class='ocrx_word' id='word_1_269' title='bbox 1371 2877 1429 2920; x_wconf 88' lang='lat' dir='ltr'><strong>aen</strong></span> <span class='ocrx_word' id='word_1_270' title='bbox 1450 2858 1537 2920; x_wconf 88' lang='lat' dir='ltr'><strong>inter</strong></span> <span class='ocrx_word' id='word_1_271' title='bbox 1558 2856 1732 2935; x_wconf 75' lang='lat' dir='ltr'><strong>cadmean,</strong></span> 
     </span>
     <span class='ocr_line' id='line_1_24' title="bbox 187 2955 1733 3041; baseline 0.001 -21"><span class='ocrx_word' id='word_1_272' title='bbox 187 2958 282 3023; x_wconf 77' lang='lat' dir='ltr'><strong>nicio</strong></span> <span class='ocrx_word' id='word_1_273' title='bbox 300 2969 428 3039; x_wconf 82' lang='lat' dir='ltr'><strong>captum</strong></span> <span class='ocrx_word' id='word_1_274' title='bbox 451 2955 531 3032; x_wconf 83' lang='lat' dir='ltr'><strong>init,</strong></span> <span class='ocrx_word' id='word_1_275' title='bbox 559 2955 745 3018; x_wconf 79' lang='lat' dir='ltr'><strong>auretium</strong></span> <span class='ocrx_word' id='word_1_276' title='bbox 768 2955 932 3018; x_wconf 74' lang='lat' dir='ltr'><strong>excutiere</strong></span> <span class='ocrx_word' id='word_1_277' title='bbox 989 2980 1064 3034; x_wconf 77' lang='lat' dir='ltr'><strong>seu,</strong></span> <span class='ocrx_word' id='word_1_278' title='bbox 1102 2979 1184 3041; x_wconf 85' lang='lat' dir='ltr'><strong>quae</strong></span> <span class='ocrx_word' id='word_1_279' title='bbox 1221 2959 1326 3020; x_wconf 78' lang='lat' dir='ltr'><strong>aerim</strong></span> <span class='ocrx_word' id='word_1_280' title='bbox 1364 2978 1552 3035; x_wconf 82' lang='lat' dir='ltr'><strong>accessere,</strong></span> <span class='ocrx_word' id='word_1_281' title='bbox 1587 2958 1733 3022; x_wconf 86' lang='lat' dir='ltr'><strong>Palame-</strong></span> 
     </span>
     <span class='ocr_line' id='line_1_25' title="bbox 186 3055 1732 3143; baseline 0.001 -23"><span class='ocrx_word' id='word_1_282' title='bbox 186 3064 218 3122; x_wconf 91' lang='lat' dir='ltr'><strong>in</strong></span> <span class='ocrx_word' id='word_1_283' title='bbox 247 3059 415 3143; x_wconf 77' lang='lat' dir='ltr'><strong>primaeuo</strong></span> <span class='ocrx_word' id='word_1_284' title='bbox 438 3055 642 3121; x_wconf 69' lang='lat' dir='ltr'><strong>Graecorum</strong></span> <span class='ocrx_word' id='word_1_285' title='bbox 670 3055 864 3140; x_wconf 76' lang='lat' dir='ltr'><strong>alphabete,</strong></span> <span class='ocrx_word' id='word_1_286' title='bbox 891 3056 945 3120; x_wconf 85' lang='lat' dir='ltr'><strong>ab.</strong></span> <span class='ocrx_word' id='word_1_287' title='bbox 990 3061 1083 3135; x_wconf 83' lang='lat' dir='ltr'><strong>deae,</strong></span> <span class='ocrx_word' id='word_1_288' title='bbox 1102 3073 1136 3123; x_wconf 87' lang='lat' dir='ltr'><strong>et</strong></span> <span class='ocrx_word' id='word_1_289' title='bbox 1152 3057 1371 3133; x_wconf 84' lang='lat' dir='ltr'><strong>Simonideaa,</strong></span> <span class='ocrx_word' id='word_1_290' title='bbox 1390 3059 1518 3122; x_wconf 86' lang='lat' dir='ltr'><strong>tametsi</strong></span> <span class='ocrx_word' id='word_1_291' title='bbox 1533 3059 1603 3139; x_wconf 83' lang='lat' dir='ltr'><strong>ejus</strong></span> <span class='ocrx_word' id='word_1_292' title='bbox 1621 3063 1732 3123; x_wconf 85' lang='lat' dir='ltr'><strong>memi-</strong></span> 
     </span>
     <span class='ocr_line' id='line_1_26' title="bbox 187 3159 1734 3244; baseline 0.003 -24"><span class='ocrx_word' id='word_1_293' title='bbox 187 3165 249 3226; x_wconf 85' lang='lat' dir='ltr'><strong>boe</strong></span> <span class='ocrx_word' id='word_1_294' title='bbox 272 3180 291 3223; x_wconf 87' lang='lat' dir='ltr'><strong>a</strong></span> <span class='ocrx_word' id='word_1_295' title='bbox 313 3159 437 3223; x_wconf 68' lang='lat' dir='ltr'><strong>[eatinis</strong></span> <span class='ocrx_word' id='word_1_296' title='bbox 460 3159 493 3219; x_wconf 88' lang='lat' dir='ltr'><strong>in</strong></span> <span class='ocrx_word' id='word_1_297' title='bbox 516 3179 610 3220; x_wconf 84' lang='lat' dir='ltr'><strong>auum</strong></span> <span class='ocrx_word' id='word_1_298' title='bbox 633 3173 819 3243; x_wconf 76' lang='lat' dir='ltr'><strong>receptam,</strong></span> <span class='ocrx_word' id='word_1_299' title='bbox 848 3179 952 3224; x_wconf 89' lang='lat' dir='ltr'><strong>eam·-</strong></span> <span class='ocrx_word' id='word_1_300' title='bbox 989 3163 1099 3225; x_wconf 73' lang='lat' dir='ltr'><strong>nerine</strong></span> <span class='ocrx_word' id='word_1_301' title='bbox 1120 3161 1298 3242; x_wconf 78' lang='lat' dir='ltr'><strong>scriptores</strong></span> <span class='ocrx_word' id='word_1_302' title='bbox 1318 3175 1465 3236; x_wconf 81' lang='lat' dir='ltr'><strong>veteres,</strong></span> <span class='ocrx_word' id='word_1_303' title='bbox 1488 3180 1626 3244; x_wconf 86' lang='lat' dir='ltr'><strong>eamque</strong></span> <span class='ocrx_word' id='word_1_304' title='bbox 1643 3161 1734 3224; x_wconf 83' lang='lat' dir='ltr'><strong>exbi-</strong></span> 
     </span>
     <span class='ocr_line' id='line_1_27' title="bbox 186 3259 1734 3346; baseline 0.001 -22"><span class='ocrx_word' id='word_1_305' title='bbox 186 3259 815 3346; x_wconf 78' lang='lat' dir='ltr'><strong>quendaignatamaedem,qaemapud</strong></span> <span class='ocrx_word' id='word_1_306' title='bbox 831 3259 932 3326; x_wconf 86' lang='lat' dir='ltr'><strong>Grae·</strong></span> <span class='ocrx_word' id='word_1_307' title='bbox 987 3265 1086 3329; x_wconf 81' lang='lat' dir='ltr'><strong>beent</strong></span> <span class='ocrx_word' id='word_1_308' title='bbox 1120 3277 1213 3324; x_wconf 81' lang='lat' dir='ltr'><strong>uerte</strong></span> <span class='ocrx_word' id='word_1_309' title='bbox 1248 3273 1395 3326; x_wconf 77' lang='lat' dir='ltr'><strong>veterum</strong></span> <span class='ocrx_word' id='word_1_310' title='bbox 1430 3275 1656 3340; x_wconf 84' lang='lat' dir='ltr'><strong>monumenta,</strong></span> <span class='ocrx_word' id='word_1_311' title='bbox 1698 3277 1734 3326; x_wconf 87' lang='lat' dir='ltr'><strong>nt</strong></span> 
     </span>
     <span class='ocr_line' id='line_1_28' title="bbox 186 3361 1733 3452; baseline -0.001 -25"><span class='ocrx_word' id='word_1_312' title='bbox 186 3384 241 3428; x_wconf 85' lang='lat' dir='ltr'><strong>coe</strong></span> <span class='ocrx_word' id='word_1_313' title='bbox 270 3361 404 3428; x_wconf 79' lang='lat' dir='ltr'><strong>babuit?</strong></span> <span class='ocrx_word' id='word_1_314' title='bbox 448 3364 499 3424; x_wconf 79' lang='lat' dir='ltr'><strong>Ex</strong></span> <span class='ocrx_word' id='word_1_315' title='bbox 532 3381 601 3447; x_wconf 75' lang='lat' dir='ltr'><strong>qao</strong></span> <span class='ocrx_word' id='word_1_316' title='bbox 632 3361 715 3426; x_wconf 89' lang='lat' dir='ltr'><strong>adeo</strong></span> <span class='ocrx_word' id='word_1_317' title='bbox 740 3363 814 3446; x_wconf 88' lang='lat' dir='ltr'><strong>jure</strong></span> <span class='ocrx_word' id='word_1_318' title='bbox 838 3365 931 3448; x_wconf 75' lang='lat' dir='ltr'><strong>argui</strong></span> <span class='ocrx_word' id='word_1_319' title='bbox 987 3365 1072 3428; x_wconf 79' lang='lat' dir='ltr'><strong>inice</strong></span> <span class='ocrx_word' id='word_1_320' title='bbox 1088 3362 1381 3440; x_wconf 70' lang='lat' dir='ltr'><strong>demonstrabitur,</strong></span> <span class='ocrx_word' id='word_1_321' title='bbox 1398 3366 1621 3452; x_wconf 85' lang='lat' dir='ltr'><strong>atqueetiam,</strong></span> <span class='ocrx_word' id='word_1_322' title='bbox 1644 3364 1733 3450; x_wconf 87' lang='lat' dir='ltr'><strong>quod</strong></span> 
     </span>
     <span class='ocr_line' id='line_1_29' title="bbox 188 3463 1733 3553; baseline 0 -25"><span class='ocrx_word' id='word_1_323' title='bbox 188 3479 309 3550; x_wconf 87' lang='lat' dir='ltr'><strong>puteat,</strong></span> <span class='ocrx_word' id='word_1_324' title='bbox 326 3466 397 3534; x_wconf 75' lang='lat' dir='ltr'><strong>Vau</strong></span> <span class='ocrx_word' id='word_1_325' title='bbox 414 3463 501 3526; x_wconf 83' lang='lat' dir='ltr'><strong>istud</strong></span> <span class='ocrx_word' id='word_1_326' title='bbox 520 3465 625 3527; x_wconf 80' lang='lat' dir='ltr'><strong>aerius</strong></span> <span class='ocrx_word' id='word_1_327' title='bbox 644 3487 661 3528; x_wconf 91' lang='lat' dir='ltr'><strong>a</strong></span> <span class='ocrx_word' id='word_1_328' title='bbox 677 3464 812 3528; x_wconf 85' lang='lat' dir='ltr'><strong>Graecia</strong></span> <span class='ocrx_word' id='word_1_329' title='bbox 830 3465 932 3530; x_wconf 76' lang='lat' dir='ltr'><strong>initae</strong></span> <span class='ocrx_word' id='word_1_330' title='bbox 987 3469 1089 3553; x_wconf 80' lang='lat' dir='ltr'><strong>magia</strong></span> <span class='ocrx_word' id='word_1_331' title='bbox 1116 3468 1234 3529; x_wconf 88' lang='lat' dir='ltr'><strong>mirum</strong></span> <span class='ocrx_word' id='word_1_332' title='bbox 1261 3464 1426 3544; x_wconf 81' lang='lat' dir='ltr'><strong>rideatur,</strong></span> <span class='ocrx_word' id='word_1_333' title='bbox 1452 3467 1733 3531; x_wconf 76' lang='lat' dir='ltr'><strong>Marina&#39;Victun&#39;·</strong></span> 
     </span>
     <span class='ocr_line' id='line_1_30' title="bbox 186 3559 1731 3654; baseline 0.002 -27"><span class='ocrx_word' id='word_1_334' title='bbox 186 3569 371 3652; x_wconf 78' lang='lat' dir='ltr'><strong>neglectum</strong></span> <span class='ocrx_word' id='word_1_335' title='bbox 390 3563 531 3630; x_wconf 77' lang='lat' dir='ltr'><strong>suffecto</strong></span> <span class='ocrx_word' id='word_1_336' title='bbox 547 3567 581 3626; x_wconf 90' lang='lat' dir='ltr'><strong>in</strong></span> <span class='ocrx_word' id='word_1_337' title='bbox 601 3567 672 3649; x_wconf 81' lang='lat' dir='ltr'><strong>ejus</strong></span> <span class='ocrx_word' id='word_1_338' title='bbox 688 3569 799 3630; x_wconf 84' lang='lat' dir='ltr'><strong>locum</strong></span> <span class='ocrx_word' id='word_1_339' title='bbox 816 3559 870 3644; x_wconf 72' lang='grc'><strong>(1),</strong></span> <span class='ocrx_word' id='word_1_340' title='bbox 889 3566 935 3629; x_wconf 90' lang='lat' dir='ltr'><strong>ab</strong></span> <span class='ocrx_word' id='word_1_341' title='bbox 986 3591 1065 3646; x_wconf 83' lang='lat' dir='ltr'><strong>nna,</strong></span> <span class='ocrx_word' id='word_1_342' title='bbox 1095 3571 1150 3654; x_wconf 86' lang='lat' dir='ltr'><strong>qui</strong></span> <span class='ocrx_word' id='word_1_343' title='bbox 1172 3567 1254 3630; x_wconf 85' lang='lat' dir='ltr'><strong>baec</strong></span> <span class='ocrx_word' id='word_1_344' title='bbox 1274 3568 1459 3653; x_wconf 84' lang='lat' dir='ltr'><strong>praecepit,</strong></span> <span class='ocrx_word' id='word_1_345' title='bbox 1488 3568 1643 3632; x_wconf 81' lang='lat' dir='ltr'><strong>adaerere</strong></span> <span class='ocrx_word' id='word_1_346' title='bbox 1665 3588 1731 3631; x_wconf 90' lang='lat' dir='ltr'><strong>non</strong></span> 
     </span>
     <span class='ocr_line' id='line_1_31' title="bbox 186 3665 1731 3767; baseline 0.001 -37"><span class='ocrx_word' id='word_1_347' title='bbox 186 3671 255 3732; x_wconf 89' lang='lat' dir='ltr'><strong>unia</strong></span> <span class='ocrx_word' id='word_1_348' title='bbox 274 3683 380 3734; x_wconf 85' lang='lat' dir='ltr'><strong>temen</strong></span> <span class='ocrx_word' id='word_1_349' title='bbox 401 3666 559 3730; x_wconf 79' lang='lat' dir='ltr'><strong>Aeolibus</strong></span> <span class='ocrx_word' id='word_1_350' title='bbox 576 3665 877 3745; x_wconf 86' lang='lat' dir='ltr'><strong>retentnmindito,</strong></span> <span class='ocrx_word' id='word_1_351' title='bbox 896 3683 936 3732; x_wconf 78' lang='lat' dir='ltr'><strong>ut</strong></span> <span class='ocrx_word' id='word_1_352' title='bbox 989 3673 1112 3735; x_wconf 89' lang='lat' dir='ltr'><strong>dubitet</strong></span> <span class='ocrx_word' id='word_1_353' title='bbox 1134 3669 1166 3754; x_wconf 77' lang='lat' dir='ltr'><strong>f)</strong></span> <span class='ocrx_word' id='word_1_354' title='bbox 1193 3671 1231 3748; x_wconf 86' lang='lat' dir='ltr'><strong>F,</strong></span> <span class='ocrx_word' id='word_1_355' title='bbox 1260 3671 1306 3748; x_wconf 87' lang='lat' dir='ltr'><strong>G,</strong></span> <span class='ocrx_word' id='word_1_356' title='bbox 1338 3670 1369 3767; x_wconf 79' lang='lat' dir='ltr'>Q</span> <span class='ocrx_word' id='word_1_357' title='bbox 1401 3675 1536 3754; x_wconf 83' lang='lat' dir='ltr'><strong>(nempe</strong></span> <span class='ocrx_word' id='word_1_358' title='bbox 1559 3683 1731 3733; x_wconf 73' lang='lat' dir='ltr'><strong>notamen</strong></span> 
     </span>
     <span class='ocr_line' id='line_1_32' title="bbox 184 3771 1733 3858; baseline 0.002 -27"><span class='ocrx_word' id='word_1_359' title='bbox 184 3771 327 3848; x_wconf 85' lang='lat' dir='ltr'><strong>dicetur,</strong></span> <span class='ocrx_word' id='word_1_360' title='bbox 366 3791 407 3833; x_wconf 86' lang='lat' dir='ltr'><strong>ex</strong></span> <span class='ocrx_word' id='word_1_361' title='bbox 441 3771 552 3834; x_wconf 78' lang='lat' dir='ltr'><strong>forma·</strong></span> <span class='ocrx_word' id='word_1_362' title='bbox 579 3775 748 3853; x_wconf 83' lang='lat' dir='ltr'><strong>digamma</strong></span> <span class='ocrx_word' id='word_1_363' title='bbox 777 3773 947 3846; x_wconf 85' lang='lat' dir='ltr'><strong>nomino‚&#39;</strong></span> <span class='ocrx_word' id='word_1_364' title='bbox 987 3773 1189 3838; x_wconf 74' lang='lat' dir='ltr'><strong>Graecorum</strong></span> <span class='ocrx_word' id='word_1_365' title='bbox 1208 3772 1345 3858; x_wconf 69' lang='lat' dir='ltr'><strong>Reppa)</strong></span> <span class='ocrx_word' id='word_1_366' title='bbox 1358 3778 1394 3836; x_wconf 86' lang='lat' dir='ltr'><strong>in</strong></span> <span class='ocrx_word' id='word_1_367' title='bbox 1416 3771 1555 3835; x_wconf 81' lang='lat' dir='ltr'><strong>Graecis</strong></span> <span class='ocrx_word' id='word_1_368' title='bbox 1572 3777 1674 3836; x_wconf 74' lang='lat' dir='ltr'><strong>ctiam</strong></span> <span class='ocrx_word' id='word_1_369' title='bbox 1690 3775 1733 3834; x_wconf 85' lang='lat' dir='ltr'><strong>tt·</strong></span> 
     </span>
     <span class='ocr_line' id='line_1_33' title="bbox 183 3871 1733 3957; baseline 0.001 -23"><span class='ocrx_word' id='word_1_370' title='bbox 183 3871 269 3955; x_wconf 85' lang='lat' dir='ltr'><strong>apud</strong></span> <span class='ocrx_word' id='word_1_371' title='bbox 292 3871 440 3957; x_wconf 85' lang='lat' dir='ltr'><strong>reliquos</strong></span> <span class='ocrx_word' id='word_1_372' title='bbox 461 3887 569 3937; x_wconf 85' lang='lat' dir='ltr'><strong>autem</strong></span> <span class='ocrx_word' id='word_1_373' title='bbox 587 3872 736 3937; x_wconf 79' lang='lat' dir='ltr'><strong>Graecos</strong></span> <span class='ocrx_word' id='word_1_374' title='bbox 750 3875 827 3957; x_wconf 74' lang='lat' dir='ltr'><strong>ejus</strong></span> <span class='ocrx_word' id='word_1_375' title='bbox 840 3873 930 3937; x_wconf 85' lang='lat' dir='ltr'><strong>deiu-</strong></span> <span class='ocrx_word' id='word_1_376' title='bbox 986 3881 1069 3939; x_wconf 83' lang='lat' dir='ltr'><strong>teris</strong></span> <span class='ocrx_word' id='word_1_377' title='bbox 1076 3876 1205 3954; x_wconf 74' lang='lat' dir='ltr'><strong>suisne,</strong></span> <span class='ocrx_word' id='word_1_378' title='bbox 1221 3889 1255 3938; x_wconf 85' lang='lat' dir='ltr'><strong>et</strong></span> <span class='ocrx_word' id='word_1_379' title='bbox 1270 3896 1357 3938; x_wconf 83' lang='lat' dir='ltr'><strong>nunc</strong></span> <span class='ocrx_word' id='word_1_380' title='bbox 1369 3895 1457 3951; x_wconf 83' lang='lat' dir='ltr'><strong>esse,</strong></span> <span class='ocrx_word' id='word_1_381' title='bbox 1476 3875 1537 3936; x_wconf 86' lang='lat' dir='ltr'><strong>sed</strong></span> <span class='ocrx_word' id='word_1_382' title='bbox 1552 3873 1583 3937; x_wconf 88' lang='lat' dir='ltr'><strong><em>G</em></strong></span> <span class='ocrx_word' id='word_1_383' title='bbox 1599 3895 1733 3938; x_wconf 82' lang='lat' dir='ltr'><strong>numero</strong></span> 
     </span>
     <span class='ocr_line' id='line_1_34' title="bbox 184 3975 1734 4061; baseline 0.002 -25"><span class='ocrx_word' id='word_1_384' title='bbox 184 3987 262 4060; x_wconf 83' lang='lat' dir='ltr'><strong>cepa</strong></span> <span class='ocrx_word' id='word_1_385' title='bbox 279 3993 374 4038; x_wconf 82' lang='lat' dir='ltr'><strong>utum</strong></span> <span class='ocrx_word' id='word_1_386' title='bbox 392 3975 651 4040; x_wconf 87' lang='lat' dir='ltr'><strong>in·aritbmetica</strong></span> <span class='ocrx_word' id='word_1_387' title='bbox 672 3991 794 4042; x_wconf 83' lang='lat' dir='ltr'><strong>tentum</strong></span> <span class='ocrx_word' id='word_1_388' title='bbox 818 3975 928 4040; x_wconf 87' lang='lat' dir='ltr'><strong>durae·</strong></span> <span class='ocrx_word' id='word_1_389' title='bbox 989 3979 1054 4055; x_wconf 87' lang='lat' dir='ltr'><strong>VI,</strong></span> <span class='ocrx_word' id='word_1_390' title='bbox 1087 3978 1323 4061; x_wconf 78' lang='lat' dir='ltr'><strong>Quorrogr&#39;nta</strong></span> <span class='ocrx_word' id='word_1_391' title='bbox 1343 3975 1552 4061; x_wconf 72' lang='lat' dir='ltr'><strong>significare,</strong></span> <span class='ocrx_word' id='word_1_392' title='bbox 1580 3979 1734 4040; x_wconf 72' lang='lat' dir='ltr'><strong>Fontem</strong></span> 
     </span>
     <span class='ocr_line' id='line_1_35' title="bbox 183 4077 1736 4163; baseline 0.001 -25"><span class='ocrx_word' id='word_1_393' title='bbox 183 4096 236 4153; x_wconf 84' lang='lat' dir='ltr'><strong>re,</strong></span> <span class='ocrx_word' id='word_1_394' title='bbox 271 4077 427 4140; x_wconf 68' lang='lat' dir='ltr'><strong>munim</strong></span> <span class='ocrx_word' id='word_1_395' title='bbox 453 4079 720 4143; x_wconf 82' lang='lat' dir='ltr'><strong>cum-senerinm</strong></span> <span class='ocrx_word' id='word_1_396' title='bbox 740 4081 946 4163; x_wconf 78' lang='lat' dir='ltr'><strong>exprimere·</strong></span> <span class='ocrx_word' id='word_1_397' title='bbox 988 4081 1294 4143; x_wconf 75' lang='lat' dir='ltr'><strong>Aeottsrontonae</strong></span> <span class='ocrx_word' id='word_1_398' title='bbox 1308 4081 1530 4156; x_wconf 79' lang='lat' dir='ltr'><strong>idomvnlore,</strong></span> <span class='ocrx_word' id='word_1_399' title='bbox 1548 4080 1636 4159; x_wconf 80' lang='lat' dir='ltr'><strong>quod</strong></span> <span class='ocrx_word' id='word_1_400' title='bbox 1646 4079 1736 4160; x_wconf 81' lang='lat' dir='ltr'><strong>apud</strong></span> 
     </span>
     <span class='ocr_line' id='line_1_36' title="bbox 184 4170 1753 4272; baseline 0 -32"><span class='ocrx_word' id='word_1_401' title='bbox 184 4179 315 4242; x_wconf 79' lang='lat' dir='ltr'><strong>vellent.</strong></span> <span class='ocrx_word' id='word_1_402' title='bbox 336 4181 512 4246; x_wconf 78' lang='lat' dir='ltr'><strong>Praeclare</strong></span> <span class='ocrx_word' id='word_1_403' title='bbox 525 4181 612 4244; x_wconf 81' lang='lat' dir='ltr'><strong>istud</strong></span> <span class='ocrx_word' id='word_1_404' title='bbox 624 4181 807 4245; x_wconf 77' lang='lat' dir='ltr'><strong>illustretur</strong></span> <span class='ocrx_word' id='word_1_405' title='bbox 820 4203 930 4248; x_wconf 82' lang='lat' dir='ltr'><strong>erem·</strong></span> <span class='ocrx_word' id='word_1_406' title='bbox 988 4203 1047 4246; x_wconf 81' lang='lat' dir='ltr'><strong>nos</strong></span> <span class='ocrx_word' id='word_1_407' title='bbox 1072 4185 1107 4245; x_wconf 84' lang='lat' dir='ltr'><em>V</em></span> <span class='ocrx_word' id='word_1_408' title='bbox 1122 4170 1183 4244; x_wconf 75' lang='lat' dir='ltr'><strong>otc.</strong></span> <span class='ocrx_word' id='word_1_409' title='bbox 1213 4181 1307 4268; x_wconf 81' lang='lat' dir='ltr'><strong>Ergo</strong></span> <span class='ocrx_word' id='word_1_410' title='bbox 1330 4180 1358 4244; x_wconf 93' lang='lat' dir='ltr'><strong>ai</strong></span> <span class='ocrx_word' id='word_1_411' title='bbox 1380 4179 1411 4272; x_wconf 83' lang='lat' dir='ltr'>Q</span> <span class='ocrx_word' id='word_1_412' title='bbox 1432 4181 1494 4243; x_wconf 82' lang='lat' dir='ltr'><strong>init</strong></span> <span class='ocrx_word' id='word_1_413' title='bbox 1515 4180 1611 4242; x_wconf 85' lang='lat' dir='ltr'><strong>litera</strong></span> <span class='ocrx_word' id='word_1_414' title='bbox 1632 4176 1753 4241; x_wconf 83' lang='lat' dir='ltr'><strong>Grae·-</strong></span> 
     </span>
     <span class='ocr_line' id='line_1_37' title="bbox 182 4280 1733 4369; baseline -0.001 -25"><span class='ocrx_word' id='word_1_415' title='bbox 182 4284 236 4363; x_wconf 88' lang='lat' dir='ltr'><strong>plo</strong></span> <span class='ocrx_word' id='word_1_416' title='bbox 261 4282 399 4367; x_wconf 78' lang='lat' dir='ltr'><strong>episemi</strong></span> <span class='ocrx_word' id='word_1_417' title='bbox 425 4285 555 4362; x_wconf 66' lang='lat' dir='ltr'><strong>toppo,</strong></span> <span class='ocrx_word' id='word_1_418' title='bbox 581 4285 673 4367; x_wconf 83' lang='lat' dir='ltr'><strong>quod</strong></span> <span class='ocrx_word' id='word_1_419' title='bbox 696 4299 838 4369; x_wconf 83' lang='lat' dir='ltr'><strong>spectata</strong></span> <span class='ocrx_word' id='word_1_420' title='bbox 865 4286 930 4348; x_wconf 61' lang='lat' dir='ltr'><strong>eri»</strong></span> <span class='ocrx_word' id='word_1_421' title='bbox 988 4299 1043 4361; x_wconf 76' lang='lat' dir='ltr'><strong>ct,</strong></span> <span class='ocrx_word' id='word_1_422' title='bbox 1078 4297 1114 4346; x_wconf 87' lang='lat' dir='ltr'><strong>ut</strong></span> <span class='ocrx_word' id='word_1_423' title='bbox 1143 4303 1260 4348; x_wconf 82' lang='lat' dir='ltr'><strong>revera</strong></span> <span class='ocrx_word' id='word_1_424' title='bbox 1289 4281 1390 4346; x_wconf 79' lang='lat' dir='ltr'><strong>fuisse</strong></span> <span class='ocrx_word' id='word_1_425' title='bbox 1421 4280 1639 4352; x_wconf 87' lang='lat' dir='ltr'><strong>oatcudimna,</strong></span> <span class='ocrx_word' id='word_1_426' title='bbox 1676 4299 1733 4342; x_wconf 83' lang='lat' dir='ltr'><strong>sue</strong></span> 
     </span>
     <span class='ocr_line' id='line_1_38' title="bbox 180 4381 1736 4468; baseline -0.004 -22"><span class='ocrx_word' id='word_1_427' title='bbox 180 4385 345 4467; x_wconf 75' lang='lat' dir='ltr'><strong>gine-fuit</strong></span> <span class='ocrx_word' id='word_1_428' title='bbox 364 4386 459 4468; x_wconf 75' lang='lat' dir='ltr'><strong>Rapit</strong></span> <span class='ocrx_word' id='word_1_429' title='bbox 481 4387 713 4464; x_wconf 80' lang='lat' dir='ltr'><strong>Phoenicium,</strong></span> <span class='ocrx_word' id='word_1_430' title='bbox 740 4401 774 4452; x_wconf 86' lang='lat' dir='ltr'><strong>et</strong></span> <span class='ocrx_word' id='word_1_431' title='bbox 794 4389 929 4450; x_wconf 71' lang='lat' dir='ltr'><strong>taautla&#39;·</strong></span> <span class='ocrx_word' id='word_1_432' title='bbox 987 4387 1085 4450; x_wconf 82' lang='lat' dir='ltr'><strong>etiam</strong></span> <span class='ocrx_word' id='word_1_433' title='bbox 1107 4387 1157 4448; x_wconf 88' lang='lat' dir='ltr'><strong>iili</strong></span> <span class='ocrx_word' id='word_1_434' title='bbox 1178 4385 1292 4463; x_wconf 82' lang='lat' dir='ltr'><strong>aedes,</strong></span> <span class='ocrx_word' id='word_1_435' title='bbox 1314 4403 1355 4448; x_wconf 86' lang='lat' dir='ltr'><strong>ec</strong></span> <span class='ocrx_word' id='word_1_436' title='bbox 1372 4383 1463 4447; x_wconf 80' lang='lat' dir='ltr'><strong>valer</strong></span> <span class='ocrx_word' id='word_1_437' title='bbox 1484 4382 1543 4444; x_wconf 83' lang='lat' dir='ltr'><strong>fuit</strong></span> <span class='ocrx_word' id='word_1_438' title='bbox 1566 4381 1736 4463; x_wconf 82' lang='lat' dir='ltr'><strong>adsignan-</strong></span> 
     </span>
    </p>
   </div>
   <div class='ocr_carea' id='block_1_3' title="bbox 177 4686 1734 4865">
    <p class='ocr_par' dir='ltr' id='par_1_3' title="bbox 214 4686 1734 4865">
     <span class='ocr_line' id='line_1_39' title="bbox 214 4686 1734 4776; baseline -0.004 -19.932"><span class='ocrx_word' id='word_1_439' title='bbox 214 4697 571 4776; x_wconf 74' lang='lat' dir='ltr'><strong>a.)Aanurbpsts.</strong></span> <span class='ocrx_word' id='word_1_440' title='bbox 655 4695 964 4768; x_wconf 76' lang='lat' dir='ltr'><strong>b)su....bvcrz.</strong></span> <span class='ocrx_word' id='word_1_441' title='bbox 1045 4692 1279 4767; x_wconf 65' lang='grc' dir='ltr'><strong>051...ομ50100</strong></span> <span class='ocrx_word' id='word_1_442' title='bbox 1354 4686 1734 4762; x_wconf 70' lang='lat' dir='ltr'><strong>‹lapust’tchpttit</strong></span> 
     </span>
     <span class='ocr_line' id='line_1_40' title="bbox 177 4787 881 4865; baseline 0.009 -21.496"><span class='ocrx_word' id='word_1_443' title='bbox 177 4789 427 4865; x_wconf 60' lang='grc' dir='ltr'><strong>0510μωῖ168</strong></span> <span class='ocrx_word' id='word_1_444' title='bbox 503 4787 881 4865; x_wconf 70' lang='lat' dir='ltr'><strong>t)rp..t³nscbpauoa.</strong></span> 
     </span>
    </p>
   </div>
   <div class='ocr_carea' id='block_1_4' title="bbox 217 4889 1502 4980">
    <p class='ocr_par' dir='ltr' id='par_1_4' title="bbox 217 4889 1502 4980">
     <span class='ocr_line' id='line_1_41' title="bbox 217 4889 1502 4980; baseline 0 -22"><span class='ocrx_word' id='word_1_445' title='bbox 217 4902 308 4980; x_wconf 71' lang='lat' dir='ltr'><strong>(Vnt.</strong></span> <span class='ocrx_word' id='word_1_446' title='bbox 327 4899 410 4980; x_wconf 76' lang='lat' dir='ltr'><strong>JV.)</strong></span> <span class='ocrx_word' id='word_1_447' title='bbox 1393 4889 1417 4950; x_wconf 76' lang='lat' dir='ltr'>C</span> <span class='ocrx_word' id='word_1_448' title='bbox 1443 4909 1460 4949; x_wconf 81' lang='grc'><strong>0</strong></span> <span class='ocrx_word' id='word_1_449' title='bbox 1484 4907 1502 4948; x_wconf 87' lang='grc'><strong>0</strong></span> 
     </span>
    </p>
   </div>
   <div class='ocr_carea' id='block_1_5' title="bbox 0 0 2228 5570">
    <p class='ocr_par' dir='ltr' id='par_1_5' title="bbox 0 0 2228 5570">
     <span class='ocr_line' id='line_1_42' title="bbox 0 0 2228 5570; baseline 0 1"><span class='ocrx_word' id='word_1_450' title='bbox 0 0 2228 5570; x_wconf 95' lang='lat' dir='ltr'><strong> </strong></span> 
     </span>
    </p>
   </div>
  </div>
 </body>
</html>
