4468 5568
674 493 748 564 DE
780 491 1041 568 VRBIBVS
1074 497 1288 573 PttttttS.
1684 521 1756 589 m

208 663 319 728 iacere
341 659 517 740 diceretis,
538 661 594 728 vel
612 679 755 746 quorum
772 661 954 738 sociorum,
1013 657 1241 734 &bemont
1286 665 1491 735 ΜΟΝΩΝ.ι
1522 667 1752 736 ΠΡΩΤΩΝ.

208 765 393 850 qualiumve
418 777 589 846 portuum,
618 763 823 841 triremium,
853 763 955 826 tribu·
1011 761 1158 832 Aetne.
1204 771 1442 852 Ephesiorum,
1474 779 1533 854 qut
1562 777 1628 836 soli
1655 781 1759 856 prisni

207 881 336 942 torum,
358 866 550 932 locorumve
572 865 696 950 gratia?
717 877 780 928 ete.
1009 880 1090 928 sunt
1103 873 1224 933 Arios.
1267 873 1483 954 Arrogsntius
1497 873 1678 960 Pergamus
1698 877 1757 938 tti-

267 965 321 1029 nh
339 967 390 1030 luis
412 987 494 1050 ergo
520 986 723 1032 coaevorum
754 963 952 1048 scriptorum
1008 964 1130 1049 plicem
1156 969 1254 1053 jactat
1272 973 1469 1058 primulum
1498 975 1558 1038 sed
1581 995 1664 1060 qoue
1687 977 1756 1041 om'·

207 1067 401 1132 testimoniis
426 1066 554 1131 abunde
576 1066 751 1144 docemur,
775 1067 952 1150 primntnsu
1009 1069 1063 1131 nia
1083 1071 1117 1130 in
1139 1071 1338 1156 singularum
1360 1065 1489 1140 urbi'nm
1512 1091 1642 1142 moneta
1665 1099 1756 1144 onra-

207 1167 294 1232 ltnnc
314 1189 381 1232 non
403 1167 503 1230 modo
524 1169 608 1230 nihil
634 1169 782 1234 intulisse
801 1170 872 1234 sive
895 1189 954 1252 po·
1009 1168 1073 1231 tius
1094 1173 1311 1256 explicantur.
1355 1177 1446 1260 Ergo
1472 1175 1553 1240 urba
1583 1182 1755 1264 quaepiam

207 1271 331 1336 testatis
357 1269 426 1334 site
451 1271 687 1348 emolumenti,
714 1269 774 1332 sed
803 1269 952 1334 sterilem
1009 1271 1168 1334 similinus
1189 1275 1264 1342 nire
1281 1277 1406 1340 meritis
1425 1297 1499 1341 cum
1518 1278 1642 1364 aliq'uid
1662 1281 1756 1346 dees-

207 1374 340 1436 omniuo
374 1371 475 1436 fuisse
505 1371 659 1450 titulum,
688 1389 810 1434 nornen
844 1372 951 1448 inane,
1008 1391 1044 1434 se
1063 1371 1318 1440 udsuaslrudet
1336 1391 1483 1461 putaret,
1505 1379 1753 1446 nisibi-tentum

205 1475 286 1538 esini
302 1473 386 1540 adeo
402 1474 561 1538 umbrone.
604 1470 766 1550 Nimirum
785 1471 892 1534 'urbes
913 1471 952 1533 it·
1007 1473 1112 1556 prime
1133 1473 1323 1553 rideretur,
1352 1499 1460 1563 neque
1480 1481 1568 1543 istud
1586 1483 1657 1548 eliis
1677 1505 1754 1568 per·
1847 1482 1854 1504 ⁸

206 1575 378 1642 lustriores
399 1597 471 1640 esse
491 1575 555 1637 sibi
575 1573 666 1637 domi
684 1591 794 1638 canses
816 1572 953 1637 idoneae
1009 1572 1180 1647 suasisset,
1210 1577 1347 1659 primam
1371 1599 1407 1642 se
1434 1579 1538 1664 pelam
1561 1585 1672 1668 coepit
1697 1607 1755 1670 ep·

205 1675 397 1752 linxerunt,
433 1674 549 1760 quibus
582 1673 725 1739 conlisae
757 1671 879 1738 efferre
913 1691 952 1736 se
1009 1674 1135 1757 pellere
1159 1676 1229 1740 site
1251 1699 1312 1740 sno
1328 1679 1479 1757 arbitrio,
1501 1683 1571 1746 sine
1589 1704 1635 1746 οι
1655 1703 1753 1768 prae.

204 1797 285 1862 prae
306 1777 380 1842 eliis
398 1775 535 1840 urbibus
556 1788 690 1860 possent
712 1775 848 1840 endere.
895 1774 950 1836 Sic
1008 1773 1114 1838 aidum
1137 1778 1243 1856 scito,
1272 1799 1292 1842 ο
1310 1779 1436 1864 quibas?
1454 1783 1577 1846 similes
1602 1786 1751 1852 obtentus

205 1893 243 1946 nt
270 1877 313 1944 de
328 1879 434 1944 ¹unius
468 1878 658 1962 provinciae
689 1875 788 1942 Asine
814 1875 950 1940 urbibus
1008 1879 1127 1960 gratias
1156 1881 1442 1962 supradiximus,
1471 1905 1586 1968 porum
1612 1885 1750 1963 solicita,

203 2001 354 2066 agamus,
388 1980 588 2065 praedicavit
616 1977 659 2042 de
692 1997 729 2042 se
757 1979 949 2062 Pergamus,
1007 1977 1091 2042 sitne
1113 1979 1276 2044 adscititio
1296 1983 1362 2048 ltoo
1380 1987 1514 2049 numine
1533 1985 1655 2070 aliquid
1678 1991 1752 2053 teri

202 2083 305 2148 fuisse
325 2097 363 2147 te
386 2101 505 2167 regum
522 2081 801 2166 Pergamenorum
824 2079 948 2154 sedem,
1004 2079 1084 2144 boni
1099 2078 1250 2146 adsecuta
1258 2084 1383 2162 ,modo
1398 2087 1570 2169 pueriliter
1583 2089 1750 2152 sceuicnnt

203 2197 238 2248 et
264 2185 444 2268 imperesse
474 2181 558 2246 adeo
595 2179 732 2266 reliquis
765 2179 948 2248 civitatibus
1004 2181 1134 2242 titulum
1152 2197 1262 2265 posset
1276 2185 1414 2267 jactare,
1432 2209 1529 2273 quent
1542 2188 1661 2254 deinde
1677 2193 1749 2275 peri

202 2285 357 2364 aemulis,
384 2285 516 2370 §neunt
532 2283 678 2366 Bmyrne
700 2281 947 2366 amplitudinem
1002 2281 1197 2362 ambitione,
1219 2305 1263 2348 ne
1281 2286 1457 2353 tmertore·
1476 2290 1683 2368 viderentur,
1709 2295 1751 2354 si·

202 2387 650 2468 sunm,etsubstrnctionnm
660 2381 946 2468 magnificentiam,
1003 2381 1037 2444 bi
1062 2382 1232 2450 adscivere
1256 2388 1356 2452 urbes
1378 2377 1749 2468 ilias..,·cretcentttus
1883 2463 1889 2478 ,

201 2505 271 2556 tum
296 2503 330 2554 et
346 2493 514 2554 Musarum
534 2485 620 2572 apud
640 2507 678 2552 se
696 2485 945 2570 Gmtinrumque
1003 2481 1124 2549 deinde
1146 2486 1274 2551 urbium
1297 2489 1469 2554 discordiis
1494 2497 1621 2580 magis,
1652 2515 1747 2579 qum

201 2593 421 2668 consortium,
442 2590 596 2673 Ephesus
615 2607 717 2672 super
736 2588 867 2672 leugam
891 2609 946 2654 ae·
1001 2586 1089 2648 istud
1122 2589 1279 2672 expedire
1306 2593 1391 2676 reip,
1408 2593 1599 2674 ,idm-em,
1627 2618 1747 2681 nequ„

201 2707 352 2758 t·ustntem
368 2693 561 2758 mirsculum
576 2690 691 2774 templi
704 2691 831 2769 Dinnii,
862 2691 945 2773 ejus·
1003 2709 1098 2772 quum
1125 2692 1266 2770 mirum,
1296 2707 1444 2758 oratores
1471 2697 1686 2781 philosophos
1713 2701 1747 2762 in

202 2817 265 2878 que
301 2797 367 2859 late
405 2804 614 2877 pervagatum
650 2791 871 2875 religionem,
901 2807 951 2856 -et,
1002 2789 1145 2852 medium
1164 2796 1460 2877 progressos-hanc
1476 2798 1617 2862 inanium
1636 2801 1748 2866 titulo·

200 2917 283 2981 quae
316 2895 411 2977 plura
436 2893 497 2956 ulia
527 2893 568 2956 de
601 2892 706 2956 tribus
730 2892 783 2956 liis
810 2891 946 2956 urbibus
1000 2911 1075 2954 rum
1096 2892 1270 2972 insoniam,
1292 2909 1328 2958 ut
1348 2896 1517 2977 videmus,
1540 2923 1600 2984 pro
1626 2901 1746 2968 deridi-

200 2997 368 3086 praedicnt
396 2993 578 3071 Aristides,
602 2992 652 3056 ob
687 3014 769 3078 quae
804 2995 945 3078 primatu
1002 2994 1077 3054 culo
1099 3007 1247 3077 putasse,
1268 2995 1360 3078 ipsos
1379 3017 1460 3060 vero
1478 3011 1545 3062 tum
1564 3003 1661 3067 etism
1680 3027 1745 3070 ma·

200 3099 347 3184 singulae
370 3110 505 3179 possent
528 3095 646 3178 dignae
670 3093 800 3172 uideri,
829 3097 875 3158 tic
898 3109 945 3160 ta·
995 3093 1346 3176 gistratusfflornanos,
1366 3097 1422 3182 qni
1438 3111 1522 3162 teste
1536 3103 1645 3170 Dione
1661 3108 1742 3173 haec

199 3217 276 3262 uren
294 3213 329 3262 ut
344 3198 415 3282 ipse
433 3197 588 3261 adserere
603 3208 774 3273 verentur,
795 3217 880 3281 quae
896 3196 946 3259 in·
999 3193 1129 3256 urbium
1152 3195 1367 3258 Asiaticorum
1389 3195 1569 3280 desideria,
1590 3209 1742 3289 quamdi„

199 3315 252 3366 ter
276 3313 345 3364 tres
370 3298 490 3363 rivales
511 3299 615 3382 primu
641 3297 684 3361 sit
707 3297 942 3374 constituenda,
997 3295 1133 3358 modum
1152 3313 1219 3358 non
1240 3315 1437 3376 excessere,
1456 3299 1627 3380 Ἐλληνικιι
1646 3309 1743 3393 ἅμαρ-

198 3415 236 3466 ut
259 3423 357 3486 ruprs
377 3398 458 3464 dixi.
502 3399 587 3464 Saue
612 3397 646 3460 in
670 3401 776 3463 numis
798 3399 878 3486 ipsis
901 3399 942 3463 si·
998 3420 1121 3480 rupere
1147 3395 1314 3482 appellere
1339 3418 1580 3468 consueverunt
1603 3410 1652 3490 ο),
1682 3412 1741 3476 im.
1796 3413 1800 3420 ·

198 3504 293 3568 mill„
311 3503 467 3587 primm!
493 3519 604 3564 ΟΜΝ
629 3500 767 3583 jactant,
796 3515 831 3566 ut
852 3524 885 3569 v.
908 3523 940 3586 g.
997 3499 1134 3562 modicis
1156 3519 1267 3562 earum
1290 3501 1517 3583 cupiditatibus
1540 3507 1670 3576 frenum
1693 3515 1741 3578 in·

198 3605 368 3689 Smyrnaei
408 3624 445 3666 se
472 3601 670 3688 profitentur
697 3597 939 3682 nPnTo'tc.
991 3601 1133 3684 iecisse,
1152 3597 1244 3686 quod
1259 3601 1397 3685 quidem
1419 3605 1592 3689 imperium
1617 3633 1659 3678 er
1683 3639 1741 3680 nn·

198 3707 342 3772 Aetne.
369 3701 564 3770 ΚΑΛΛΘΙ.
593 3705 688 3770 ΚΑΙ.
712 3699 938 3768 ΜΕΓΕΘΕΙ.
996 3703 1057 3762 ntis
1073 3703 1151 3784 ipsis
1167 3724 1234 3766 nou
1250 3704 1390 3768 obscure
1406 3707 1584 3792 colligitur.
1607 3715 1738 3780 Etenim

193 3815 319 3894 primos
334 3809 443 3871 Asine
456 3807 706 3887 pulchritudine
720 3819 754 3868 et
773 3811 941 3888 magnitu·
995 3805 1212 3882 Nicaeenses,
1240 3805 1315 3889 qui,
1336 3821 1373 3869 ut
1394 3828 1436 3871 ex
1457 3811 1566 3876 Dione
1588 3817 1738 3897 vidimus,

197 3917 274 3976 dine
288 3910 379 3974 urbis
390 3927 472 3972 suee
483 3951 492 3984 ,
503 3928 574 3992 quo
589 3907 685 3972 titulo
702 3927 777 3972 cnm
792 3907 857 3970 sibi
871 3927 938 3970 ncn
994 3903 1200 3968 inflammatis
1224 3906 1309 3971 odiis
1325 3907 1370 3972 de
1389 3913 1529 3994 primatu
1547 3936 1619 3979 eum
1641 3921 1739 3985 Nico·

196 4012 372 4077 inferiores
395 4007 588 4077 viderentur
599 4005 757 4093 Ephesii,
779 4029 941 4092 opposue·
995 4005 1205 4072 medensibus
1226 4011 1483 4092 contenderunt,
1506 4035 1600 4083 censa
1618 4020 1738 4088 disces·

194 4137 233 4180 re
251 4113 499 4198 inscriptionem
514 4132 581 4174 non
600 4111 937 4195 megismoderatnmt
995 4111 1076 4174 sisse
1100 4111 1276 4176 inferiores
1302 4113 1380 4179 inde
1405 4133 1558 4201 apparet,
1589 4124 1678 4206 quod
1701 4127 1735 4188 in

196 4211 426 4280 ΕΦΕΟΙΩΝ.
458 4210 502 4278 H.
536 4207 720 4276 ΠΡΩΤΗ.
751 4208 936 4278 ΠΑΟΩΝ.
993 4213 1072 4278 solis
1089 4213 1266 4276 Domitiani
1282 4217 1387 4279 numis
1405 4239 1442 4280 se
1462 4221 1586 4302 primos
1604 4225 1734 4306 jactant,

193 4321 287 4383 ΚΑΙ.
317 4311 542 4382 MerlcTH.
585 4315 804 4396 Ephesiorum
825 4319 937 4398 primo
993 4313 1149 4400 deinceps
1172 4315 1236 4380 hcc
1256 4317 1369 4393 titulo,
1390 4323 1606 4404 occupante,
1627 4341 1663 4390 „g
1681 4351 1735 4394 7„

193 4425 340 4484 omnium
365 4431 400 4482 et
418 4421 568 4482 maximo
589 4414 689 4493 urbs,
718 4429 815 4500 atque
829 4418 937 4482 etium
991 4417 1128 4481 risimile
1149 4431 1217 4493 est,
1240 4417 1411 4484 abstinent.
1454 4423 1562 4508 Atque
1585 4427 1666 4491 haec
1692 4431 1734 4496 de

192 4523 349 4607 abrogata
398 4519 534 4604 reliquis
580 4517 734 4582 omuibus
775 4518 935 4603 primatu:
992 4519 1151 4603 primatos
1193 4519 1322 4584 honore
1360 4519 1520 4606 disputate
1562 4529 1733 4611 sufficiant,

227 4735 258 4805 a)
280 4733 364 4791 Orat.
379 4727 542 4794 mviii.
562 4745 594 4804 p·
611 4735 674 4802 479.
1244 4687 1256 4696 ·
