4372 5556
737 525 1076 694 involutus
1537 661 1543 672 ,
1606 599 1675 683 mo

388 805 407 843 ,
482 757 511 796 ⁴
594 802 616 841 ,
929 751 1064 842 insuper
1082 769 1133 822 est
1147 757 1229 822 baeu
1250 757 1377 844 opinion
1392 777 1472 821 nam
1493 757 1521 821 si
1533 755 1671 820 Gemel-

192 861 266 927 DD.
283 859 349 928 PP.
365 857 559 932 Vaillantius
580 855 740 942 explicit:
765 858 874 921 Deeu·
929 860 980 923 lus
1002 873 1137 924 statuam
1160 861 1243 924 hauc
1267 859 1448 924 laciendum
1474 859 1617 936 curarit,
1640 859 1669 922 is

129 963 242 1026 tiones
258 965 412 1026 Poscere.
442 963 670 1046 Harercampe
690 959 786 1026 etiam
805 957 874 1044 pla·
928 975 983 1026 aut
1009 975 1153 1046 sumptus
1178 961 1220 1026 all
1238 960 1475 1046 perficiendum
1496 961 1559 1025 boc
1588 979 1670 1044 opus

127 1075 200 1127 cet:
223 1065 603 1128 DecretoDecurt'onum
614 1063 746 1146 publice
759 1063 873 1144 positu
929 1063 1089 1140 contulit,
1127 1076 1182 1126 aut
1208 1063 1377 1128 consilium
1410 1077 1444 1127 et
1470 1064 1673 1148 procuratio·

127 1165 283 1228 nimirum
306 1165 532 1230 statua·1uliae
553 1163 654 1226 inbis
673 1162 778 1226 numia
798 1181 871 1246 pro·
927 1186 1015 1230 nem.
1057 1166 1102 1228 At
1131 1178 1284 1228 neutrum
1316 1165 1484 1230 vindicare
1510 1163 1575 1226 'sibi
1606 1163 1671 1227 Ge·

127 1266 244 1350 posita.
286 1265 437 1352 ¹Vterque
471 1267 520 1333 ris
551 1265 698 1330 eruditus
728 1281 870 1346 ascopo
928 1266 1047 1330 mellus
1073 1279 1197 1350 potest,
1227 1287 1301 1328 nam
1321 1263 1411 1330 idem
1433 1269 1528 1329 etiam
1548 1266 1671 1327 chn·

126 1367 228 1450 longe
258 1367 431 1432 aberravit.
474 1369 556 1430 Nam
582 1385 718 1450 ecquam
750 1361 871 1447 signill-
927 1367 962 1430 lo
998 1369 1032 1429 in
1063 1388 1162 1429 numu
1193 1367 1223 1432 3.
1260 1368 1486 1450 praedicetur,
1525 1387 1667 1450 nempe:

127 1467 289 1532 catiou'cm
315 1467 436 1532 dabunt
452 1468 570 1530 iisdem
585 1465 692 1529 literis
706 1466 772 1530 PP.
783 1465 869 1542 DD..
927 1469 1084 1536 RVFVS.
1105 1468 1144 1533 F.
1159 1468 1194 1530 C.
1210 1468 1283 1528 DD.
1298 1470 1362 1532 1³1².
1381 1469 1437 1536 lv.
1467 1467 1561 1531 Falsa
1578 1488 1671 1551 prae·

127 1589 210 1654 quae
242 1585 420 1634 occurrunt
443 1569 567 1654 pariter
594 1569 628 1630 iu
657 1567 763 1630 nuruis
784 1566 815 1628 8.
838 1585 870 1646 q.
927 1583 1019 1632 terea
1044 1589 1086 1632 ex
1115 1587 1178 1644 eo,
1209 1569 1282 1652 quin
1304 1567 1413 1649 paullo
1434 1581 1528 1634 antea
1548 1571 1670 1647 monui,

129 1691 180 1734 ao.
198 1683 261 1734 etc.
283 1689 366 1755 quos
390 1691 488 1756 supra
514 1671 550 1732 in
567 1670 679 1732 mamis
704 1665 872 1752 Cartbagi-
927 1670 1039 1732 literas
1064 1670 1128 1730 1²1².
1146 1669 1219 1732 DD.
1251 1667 1387 1752 scriptas
1416 1669 1511 1731 etiam
1541 1690 1614 1734 esse
1637 1671 1671 1732 in

127 1773 162 1833 ni
176 1771 276 1856 reigo
291 1770 422 1858 tributis¹
435 1769 604 1854 descripsi,
622 1769 655 1830 in
672 1768 788 1854 quibus
803 1788 870 1831 nou
927 1769 1049 1844 numia,
1070 1767 1104 1829 in
1119 1767 1235 1852 quibus
1252 1780 1354 1831 statua
1369 1768 1458 1831 nulla
1471 1770 1613 1848 sistitur,
1635 1785 1672 1836 ut

128 1873 230 1936 modo
258 1885 362 1936 statua
387 1872 478 1936 nulla
507 1886 575 1949 est,
613 1870 672 1935 aed
701 1889 744 1934 ue
774 1883 870 1953 typus
926 1869 961 1932 in
994 1888 1093 1932 numo
1129 1889 1160 1954 ι).
1191 1887 1234 1931 ex
1262 1869 1369 1932 numia
1403 1869 1437 1931 in
1472 1871 1668 1957 Carthagine

128 1975 262 2059 quidem
290 1974 397 2053 ullus,
428 1993 466 2037 ac
488 1973 575 2038 nuda
595 1985 717 2036 tantuna
738 1971 872 2056 epigra·
927 1970 1073 2036 laudatis.

123 2077 218 2160 phe?
257 2075 378 2139 Eidem
410 2075 487 2139 buic
519 2088 642 2138 statuae
675 2075 872 2139 Havercam·
989 2071 1153 2168 Quocirca
1179 2091 1279 2134 nemo
1297 2089 1363 2134 non
1383 2073 1489 2154 videt,
1511 2075 1667 2140 aliumab

125 2199 187 2262 pus
215 2175 337 2263 aliique
364 2177 527 2262 applicant
548 2195 679 2262 qnoque
704 2174 816 2238 literas
830 2173 868 2236 F.
926 2175 978 2237 lais
997 2173 1101 2237 literis
1121 2193 1252 2236 sensum
1270 2177 1549 2258 extorquendum,
1573 2201 1669 2264 quam

126 2280 163 2344 C.
194 2277 229 2341 in
259 2273 366 2342 numis
397 2296 416 2340 ιι
455 2291 490 2342 et
518 2277 538 2341 3
565 2278 682 2347 Vticae
717 2289 867 2353 uestrae,
927 2277 983 2361 qui
1006 2275 1162 2338 hacteuus
1187 2275 1227 2338 iis
1251 2289 1305 2338 est
1329 2275 1485 2356 tributus,
1515 2293 1612 2365 atque
1633 2295 1671 2344 ut

125 2381 172 2444 uic
202 2393 238 2444 ut
268 2379 449 2446 seeundum
477 2397 536 2443 eoa
566 2378 766 2464 epigraphes
795 2375 869 2440 GE·
923 2399 997 2442 rem
1020 2377 1132 2461 prucis
1157 2377 1340 2453 absolvam,
1361 2379 1428 2461 ajo,
1451 2401 1506 2442 eas
1532 2401 1598 2445 non
1624 2384 1665 2446 sd

125 2483 316 2550 MELLVS.
353 2482 393 2549 F.
417 2482 453 2543 C.
476 2481 550 2546 DD.
579 2480 644 2540 PP.
684 2479 867 2564 significet:
925 2495 1061 2570 statuam
1087 2479 1224 2556 Liviae,
1258 2481 1319 2543 sed
1346 2478 1387 2542 ed
1415 2481 1504 2565 ipsos
1541 2505 1668 2563 numos,
1730 2480 1740 2510 ⁸

129 2587 299 2650 Gemellus
325 2596 463 2647 statuam
492 2583 526 2644 in
555 2582 619 2645 hoc
649 2603 748 2645 nume
777 2580 870 2666 depi·
926 2603 1105 2667 eorumque
1128 2582 1284 2646 fabricam
1308 2602 1345 2646 ec
1365 2581 1497 2645 modum
1525 2587 1670 2667 pertine·

126 2687 571 2768 ctumsocs'undumcurovs't,
594 2687 868 2765 Decurionespo·
924 2705 973 2748 re.
1017 2684 1107 2747 Istud
1136 2683 1177 2746 de
1204 2683 1309 2744 literia
1329 2683 1367 2746 F.
1391 2684 1428 2747 C.
1459 2685 1571 2747 collati
1600 2685 1666 2762 elii,

125 2809 229 2850 suere.
250 2787 344 2849 Hauc
366 2783 617 2868 explicationem
637 2782 868 2847 admittendam
924 2785 1015 2847 numi
1037 2784 1134 2848 facile
1161 2782 1291 2848 docent.
1334 2786 1408 2867 ipso
1437 2785 1577 2868 docente
1600 2789 1665 2850 Ha·

126 2888 219 2950 nullo
245 2899 341 2970 pacto
365 2903 505 2962 censeo,
538 2887 599 2948 etsi
624 2906 686 2970 per
711 2905 868 2948 annosum
924 2907 1099 2969 rorcampo
1128 2884 1160 2945 in
1184 2883 1330 2948 ‘denariis
1359 2888 1522 2972 inscriptis
1550 2885 1665 2949 EPPI·

127 2988 270 3054 viaorum
288 2987 490 3050 eruditorum
502 3005 695 3050 consensum
710 2986 868 3068 ultasjsm
923 2987 991 3056 VS.
1008 2988 1108 3050 LEG.
1126 2985 1164 3050 F.
1178 2987 1216 3048 Ὀ.
1252 2999 1436 3069 postremae
1460 2990 1521 3052 bae
1547 2989 1665 3052 literae

125 3089 253 3154 radices
275 3087 425 3152 videatur
444 3087 563 3170 egisse.
594 3087 637 3148 At
664 3087 765 3150 multa
789 3108 868 3152 vera
924 3101 1075 3168 monent,
1096 3088 1236 3171 Eppium
1255 3087 1417 3170 Scipionis
1437 3091 1470 3148 in
1488 3089 1599 3153 Africa
1618 3093 1667 3154 le·

127 3191 182 3253 diu
207 3189 333 3255 credita
355 3209 416 3272 per
439 3188 643 3255 severiorem
664 3189 764 3252 crisin
787 3189 867 3254 salsa
921 3203 1035 3274 gutum
1055 3209 1113 3253 eoa
1135 3188 1263 3250 inbelli
1285 3203 1492 3270 praesentem
1507 3187 1668 3274 u'sumsa·

126 3307 199 3356 sunt
227 3304 406 3376 comperta.
446 3288 632 3352 ‘Enimvero
647 3290 674 3355 1.
704 3291 867 3355 sententia
925 3294 1059 3353 ciendos
1086 3311 1228 3355 curasse.
1261 3288 1387 3352 Eadem
1411 3290 1559 3354 illectam
1578 3293 1667 3360 Vall-

125 3395 206 3459 huec
221 3393 391 3458 arbitraria
406 3411 541 3476 prorsus
559 3404 624 3466 est,
646 3391 792 3474 nihilque
809 3414 867 3476 op·
915 3391 1024 3455 iantio
1056 3392 1155 3455 docet
1185 3392 1226 3455 ad
1257 3412 1372 3454 numos
1403 3411 1523 3455 aeneos
1552 3393 1665 3478 Oppii.
1798 3457 1801 3468 ,

124 3510 317 3582 portorum,
346 3492 435 3578 quod
462 3491 673 3575 persuadeat,
704 3492 864 3560 adfertur.
923 3506 957 3570 et
985 3493 1172 3577 Sempronii
1197 3495 1357 3569 Atratini,
1394 3513 1532 3577 quornm
1561 3497 1664 3559 titulis

124 3600 163 3664 ll.
194 3597 342 3660 insolens
364 3614 498 3679 prorsus
521 3605 569 3654 est
593 3595 694 3672 ratio,
723 3615 782 3658 seu
807 3617 866 3657 uu·
922 3593 1057 3658 eaedem
1080 3595 1196 3659 literae
1218 3595 1389 3659 adduntur.
1417 3596 1506 3660 “Cum
1526 3617 1608 3684 ergo
1630 3598 1664 3659 iss

124 3720 194 3762 mos
223 3709 370 3783 spectes,
407 3716 467 3759 seu
498 3715 678 3775 marmora,
713 3710 750 3760 ut
781 3719 865 3760 uuus
912 3697 972 3760 bis
999 3697 1114 3760 literae
1135 3697 1177 3762 F:
1190 3696 1227 3762 C.
1256 3697 1299 3758 ad
1331 3711 1483 3762 monetae
1506 3699 1664 3765 fabricam

125 3801 373 3865 dicaturuuam
399 3797 603 3883 eandemque
627 3811 761 3862 statuam
772 3803 866 3882 foci·
921 3797 1128 3875 reseruntur,
1159 3817 1219 3862 cur
1243 3799 1283 3860 iic
1308 3799 1438 3877 iubis,
1470 3801 1511 3864 de
1545 3801 1662 3884 quibus

123 3905 241 3970 endam
261 3920 412 3976 cessasse,
433 3899 517 3963 alter
532 3905 694 3982 posuisse.
723 3903 767 3963 Et
786 3900 865 3986 quid
922 3899 1063 3983 agimus.
1095 3900 1200 3963 numia
1219 3901 1300 3964 alius
1326 3918 1440 3964 tensus
1463 3901 1661 3988 adfingitur?

123 4001 253 4066 tandem
301 3999 461 4065 vocabulo
506 3999 648 4064 Posuere
685 4001 863 4080 notabitur,
919 3999 1019 4094 Quod
1046 4001 1100 4064 hic
1128 4001 1233 4064 literis
1255 4001 1294 4066 F.
1312 4002 1347 4064 C.
1372 4002 1549 4082 indicatur,
1578 4003 1662 4067 illud

124 4103 212 4188 quod
229 4103 471 4166 Decurionibus
494 4122 536 4165 ex
553 4102 614 4166 bac
631 4104 790 4167 sententia
808 4105 865 4166 tri·
917 4103 954 4164 in
980 4103 1085 4166 rumis
1117 4119 1147 4164 s.
1170 4103 1200 4166 3.
1222 4113 1254 4180 4.
1277 4105 1309 4168 5.
1330 4125 1363 4185 7.
1396 4125 1493 4188 supra
1522 4105 1557 4167 in
1584 4108 1663 4169 Car·

124 4205 262 4269 buitur?
298 4226 339 4268 an
369 4218 531 4287 sumptus,
566 4218 622 4267 aut
651 4205 862 4289 procuratio?
919 4205 1050 4288 tbagine
1075 4203 1203 4266 colonia
1226 4203 1398 4289 descriptis
1420 4206 1550 4275 solo'C.
1572 4221 1662 4273 note·

124 4308 183 4371 sed
207 4319 379 4392 utrumque
395 4307 512 4370 borum
532 4305 597 4390 jam
620 4310 786 4392 praecepit
799 4306 864 4370 Go-
919 4317 994 4381 tur,
1021 4302 1109 4390 quod
1139 4303 1226 4368 haud
1253 4305 1351 4369 dubie
1374 4307 1520 4372 curante
1539 4309 1661 4394 ‘legeu-

124 4409 241 4472 mellus
251 4429 263 4490 3
293 4430 332 4470 an
364 4408 550 4474 dedicatio?
570 4429 691 4476 ¹verum
720 4411 749 4476 ai
774 4407 864 4473 istud
921 4405 1019 4484 dem,
1041 4405 1088 4468 sic
1106 4407 1400 4472 etsensuaobrius
1418 4409 1476 4486 sit,
1500 4429 1571 4475 enm
1593 4431 1662 4477 mo·

124 4522 232 4588 esset,
261 4510 348 4573 baud
375 4511 474 4575 dubie
502 4529 544 4574 ex
575 4511 691 4577 usitata
711 4511 863 4577 dormula
918 4521 1027 4572 netum
1036 4506 1193 4591 signatam
1202 4511 1367 4573 Permissa
1376 4512 1572 4578 Dolabellae
1585 4518 1663 4578 Pro-

124 4613 279 4696 scriptum
295 4611 416 4677 suisset
437 4613 512 4676 BD.
532 4633 593 4695 pro
610 4613 675 4674 PP.
700 4615 788 4699 quod
812 4637 864 4680 re·
920 4632 985 4675 cos.
998 4611 1143 4673 Curense
1161 4613 1197 4674 P·
1213 4606 1321 4672 Gavio
1337 4611 1457 4688 Casca.
1480 4635 1546 4699 que
1561 4615 1661 4680 modo

124 4715 445 4798 sponderetGraeco
460 4715 493 4776 in
507 4714 614 4776 numia
635 4735 735 4799 saepe
750 4738 865 4782 occur·
921 4731 1019 4806 saepe
1041 4711 1075 4772 in
1100 4710 1316 4776 marmoribus
1335 4711 1472 4778 Graecis
1498 4737 1579 4801 epus
1605 4719 1662 4782 ali·

123 4817 208 4880 renti
220 4814 492 4895 ΑΝΕΘΗΚΕΝ,
509 4817 685 4884 dedicavit.
702 4820 759 4886 111.
768 4821 863 4885 Falsa
921 4812 1011 4899 quod
1030 4837 1048 4879 a
1064 4826 1177 4880 senatu
1192 4813 1380 4898 populoque
1397 4815 1591 4901 imperatum
1614 4823 1661 4887 le·
