4444 5558
783 242 785 250 ι
845 221 852 256 l

601 561 607 588 ,
657 485 1296 564 uvtu1snuxauutttu1.
1580 431 1584 448 ’
1709 507 1756 611 59

266 662 331 725 Hic
360 679 490 746 quoque
518 678 621 722 annus
642 659 698 728 lV.
726 655 953 722 uerisimiliter
1009 655 1072 718 lius
1101 669 1207 718 errata
1231 676 1345 720 sanare
1375 656 1509 722 scientia
1533 673 1568 724 et
1593 659 1757 740 eruditio,

204 761 335 828 ducitur
371 763 410 826 ab
447 761 572 824 adscito
604 760 812 844 imperatoris
843 759 951 824 titulo.
1009 757 1104 840 hujus
1122 778 1187 820 non
1204 745 1345 844 ¹potest.⁸

203 863 254 928 ct.
270 866 381 946 Zoiga
408 883 450 926 ex
468 864 591 939 numia,
616 882 696 946 quos
718 861 855 924 edidere
878 859 963 936 atii..
1072 859 1210 920 Exstant
1229 873 1262 922 et
1279 860 1335 924 ulii
1351 861 1456 958 numi,
1480 863 1513 924 in
1533 863 1648 948 quibus
1664 864 1759 927 Titus

203 965 341 1050 collegit
358 965 464 1028 adhuc
481 984 582 1029 anuos
599 965 647 1037 E,
674 986 714 1038 ς,
738 959 790 1040 Η,
816 959 876 1024 sed
898 959 953 1024 ad·
1009 961 1086 1041 imp.
1103 960 1249 1043 jungitur
1268 981 1340 1022 cum
1360 963 1561 1046 Vespasiano
1585 978 1679 1048 patre
1705 964 1760 1029 ad·

203 1065 269 1146 dit,
305 1069 435 1131 nescire
467 1088 519 1144 se,
554 1085 638 1150 qnae
667 1059 750 1128 fides
779 1062 953 1126 tribuenda
1010 1062 1079 1123 dito
1101 1063 1140 1125 L.
1159 1058 1201 1121 H.
1226 1061 1280 1124 rel
1301 1061 1444 1130 ENAT.
1469 1065 1520 1129 vel
1546 1066 1585 1128 L.
1606 1068 1650 1142 1.‚
1676 1085 1761 1182 ἕως

202 1169 309 1232 numia
329 1167 396 1230 Titi
415 1187 534 1230 aunum
557 1178 672 1249 quarto
698 1163 854 1247 majorem
878 1184 955 1246 pro·
1009 1163 1086 1230 uide
1113 1163 1198 1245 apud
1222 1164 1334 1246 Zoiiga
1361 1165 1394 1224 in
1422 1165 1527 1226 numis
1548 1167 1757 1250 Vespasiani,

203 1269 406 1343 ferentibus,
436 1267 589 1332 nimirum
613 1266 688 1349 quia
711 1279 857 1350 tempus,
888 1285 953 1348 quo
1010 1263 1070 1328 sod
1087 1265 1160 1326 anni
1179 1264 1229 1326 his
1247 1265 1396 1347 inscripti
1414 1280 1488 1328 aunt
1503 1257 1617 1350 patris.

203 1371 294 1436 solus
320 1369 496 1454 imperium
526 1368 650 1444 tenuit,
681 1368 714 1428 in
744 1369 800 1436 lV.
831 1381 954 1429 tuntum
1073 1365 1231 1433 Videmus
1269 1366 1303 1427 in
1340 1365 1391 1430 his
1427 1368 1534 1432 numia
1563 1370 1759 1436 vocabulum

203 1491 306 1536 moe
331 1469 513 1555 Aegyptios
535 1468 660 1534 incidit.
702 1469 822 1553 Atqui,
856 1467 956 1550 subji·
1012 1468 1238 1552 Aurerrurnpog
1252 1467 1353 1530 instar
1371 1471 1590 1552 praenominis
1608 1486 1759 1536 constan·

203 1573 267 1650 cit,
296 1573 689 1650 uumorAlexundriuos
712 1588 777 1657 nors
801 1570 880 1634 trid.
899 1591 958 1650 po·
1013 1581 1066 1632 ter
1094 1569 1255 1651 praeponi
1285 1581 1398 1630 contra
1430 1585 1552 1636 certam
1587 1574 1758 1638 titulorum

204 1687 601 1754 testatemuputrccum
619 1691 658 1734 co
677 1671 957 1733 communicatam
1013 1668 1124 1752 legem
1148 1667 1182 1730 in
1213 1683 1341 1732 moneta
1369 1673 1515 1734 Romana
1539 1674 1758 1750 observatam,

204 1775 362 1858 epocham
382 1773 604 1864 sucarcgscd
627 1770 783 1852 Augusti
811 1771 958 1852 dignitu-
1011 1769 1046 1829 in
1075 1791 1154 1852 qua,
1186 1771 1337 1850 quamdiu
1365 1773 1458 1834 Titus
1487 1775 1617 1836 nonnisi
1638 1769 1759 1838 Caes'ar
1847 1839 1850 1848 ,

205 1888 272 1939 tant
293 1888 372 1956 post
391 1875 504 1958 putris
530 1873 655 1935 obitum
674 1873 801 1933 inrum
826 1872 958 1932 dcirolu·
1012 1869 1092 1948 tuit,
1132 1893 1295 1956 nunquam
1330 1873 1453 1954 legitur
1487 1876 1576 1936 ItllP.
1607 1875 1759 1954 TITVS,

204 1985 299 2052 tum,
328 1975 405 2038 inde
435 1976 621 2050 evincitur,
649 1972 737 2052 quod
760 1972 955 2052 Augustum
1013 1973 1072 2036 sed
1089 1993 1221 2054 semper
1238 1975 1379 2036 TITVS.
1396 1973 1506 2052 IMR,
1529 1995 1593 2060 quo
1615 1977 1650 2038 in
1672 1976 1760 2040 ordi·

204 2074 625 2158 appelluntadditoanno‚
653 2093 733 2153 quo,
758 2075 790 2133 si
806 2071 884 2134 trib.
897 2093 955 2154 po·
1011 2094 1054 2138 ne
1088 2095 1154 2135 non
1190 2087 1315 2136 temere
1347 2097 1364 2136 a
1392 2076 1547 2139 Romanis
1581 2078 1758 2141 constituto

202 2188 357 2240 testatem
374 2179 564 2257 respiceret,
582 2183 713 2235 tuntum
730 2174 954 2258 Cursurfuis·
1010 2189 1147 2260 peccant
1172 2179 1268 2252 etiam
1297 2175 1330 2236 in
1356 2176 1432 2238 Tito
1456 2178 1545 2238 numi
1569 2199 1635 2241 non
1662 2182 1758 2265 pauci

201 2290 263 2344 set·
284 2279 323 2341 lu
341 2279 411 2361 ejus
428 2274 577 2358 catalogo
593 2275 725 2338 unicum
743 2274 880 2356 reperio
895 2293 953 2334 nu·
1008 2277 1159 2358 inscripti
1177 2272 1347 2340 ΕΤΟΤΣ.
1362 2273 1501 2344 ΝΕΟΤ.
1520 2277 1669 2344 ΙΕΡΟΤ.
1692 2283 1759 2348 Ve-

200 2401 310 2459 mum,
342 2380 398 2464 qui
416 2397 486 2442 cern
504 2376 607 2461 possit
626 2374 951 2456 difficultatemobji-
1004 2365 1081 2446 frum
1112 2391 1146 2440 et
1176 2397 1273 2460 supra
1303 2375 1459 2454 vidimus,
1489 2379 1660 2446 Vitellium
1690 2381 1757 2446 dici

201 2501 302 2560 cere,
335 2481 488 2544 nimirum
520 2479 577 2562 qui
609 2492 659 2541 est
688 2477 722 2538 in
750 2477 856 2539 numis
883 2476 950 2537 Titi
1011 2481 1203 2557 Caesarem,
1227 2478 1323 2564 plene
1342 2479 1583 2568 contralegem
1601 2497 1755 2550 monetae

199 2605 231 2646 n.
251 2581 312 2646 ab:
347 2579 518 2644 ΑΤΤΟΚ.
540 2575 699 2645 ΤΙΤΟΣ.
720 2576 817 2646 KAl.
843 2573 951 2640 OTE·
1005 2581 1197 2694 comanae..

199 2679 951 2759 zssnzlnttozzz-ttssn„inmersum·
1030 2701 1054 2748 ·,
1260 2749 1310 2767 Η

198 2779 402 2850 nautor.
421 2783 463 2845 1..
484 2779 626 2846 uttan.
663 2782 769 2860 capue
792 2783 948 2844 Ataxan·
1220 2745 1309 2811 mn
1334 2750 1539 2832 Augusta

198 2885 303 2948 driue.
341 2885 482 2947 Numum
510 2885 587 2947 citat
613 2901 654 2944 ex
677 2879 852 2958 morellio,
884 2881 945 2944 sed
1065 2876 1234 2948 ATTOK.
1283 2881 1440 2952 ΤΙΤΟΤ.
1482 2886 1608 2957 ΚΑΙΣ.
1646 2887 1753 2954 OTE.

199 3005 297 3070 quem
310 3005 374 3068 ego
389 2986 423 3048 iu
437 2984 585 3048 omnibus
598 2981 694 3064 hujus
711 2981 865 3064 operibus
878 3001 944 3044 non
1002 2977 1298 3050 ΣΠΑΣῘΑΝΟΤ.
1323 2979 1427 3054 ΣΕΒ.
1465 2989 1573 3069 Caput
1599 2991 1688 3060 laur.
1727 2990 1752 3054 ἶ

195 3087 320 3170 reperi.
342 3087 395 3148 Ex
415 3105 479 3170 quo
496 3083 660 3168 sequitur,
674 3083 780 3146 virum
799 3083 945 3164 praecla·
1003 3077 1227 3148 ΣΑΡΑΠΙΣ.
1242 3080 1330 3146 LB.
1351 3088 1461 3170 Caput
1473 3087 1656 3171 Sarapidis,
1680 3093 1750 3158 att.

193 3208 270 3252 rum
288 3188 466 3266 memoriae
487 3183 738 3270 lapsuslienum
756 3183 946 3248 tentemin·
1004 3181 1168 3264 (Stoech.)
1257 3197 1260 3206 ·

194 3291 349 3386 dicasse..
364 3289 431 3353 Sed
449 3288 593 3372 quiaquia
612 3285 735 3362 isfuit,
762 3298 855 3350 certe
871 3307 943 3348 snas
1067 3283 1192 3345 Eadem
1204 3285 1356 3348 aduersu.
1376 3281 1644 3356 iiOMONOIA.
1658 3289 1700 3356 L.
1710 3287 1750 3354 Γ.

192 3395 268 3478 ipse
290 3413 389 3478 aquas
410 3389 563 3454 turbavit.
596 3387 870 3450 Estcnimidem
888 3387 943 3450 hic
1002 3385 1132 3446 Mulier
1153 3387 1326 3472 radcard.
1344 3397 1504 3470 protento
1527 3391 1649 3471 spicas.
1680 3393 1751 3458 att

191 3517 309 3558 numus
323 3496 419 3577 plane
436 3494 568 3574 integer
583 3489 617 3550 iu
636 3509 751 3552 museo
770 3489 943 3565 Cocsarco,
1002 3489 1102 3570 (Masi
1121 3485 1233 3588 Caes.)

192 3598 254 3664 eed
272 3599 306 3658 iu
329 3593 541 3676 cujueenticn
559 3590 795 3656 manifestaeet
816 3589 945 3674 epigra·
1065 3583 1235 3652 molt.
1276 3583 1429 3655 ΤΙΤΟΣ.
1473 3587 1603 3661 ΚΑΙΣ.
1642 3591 1752 3657 ΟΤΕ.

190 3701 258 3786 pbe
279 3719 346 3762 non
364 3695 450 3772 Titi,
474 3691 535 3758 sed
549 3689 751 3776 Vespasiani.
784 3690 940 3756 Ceterum
999 3683 1296 3756 ΣΠΑΣΙΑΝΟΣ.
1323 3687 1422 3754 ΣΕΒ.
1464 3694 1574 3774 Caput
1600 3695 1688 3763 laur,
1725 3694 1750 3756 Ξ

190 3804 265 3887 jure
290 3801 355 3863 boc
378 3798 455 3860 loeo
480 3795 629 3879 queritur
651 3795 763 3875 Zodga
789 3791 832 3854 de
856 3795 939 3855 mala
998 3787 1159 3858 ΝΙΛΟΣ.
1186 3792 1225 3856 L.
1243 3787 1282 3852 Γ.
1324 3791 1478 3854 Protome
1504 3785 1582 3858 Νίῐί
1609 3797 1749 3860 barbara

191 3904 418 3985 catalogorum
442 3897 526 3974 fite,
553 3915 649 3979 quam
669 3893 742 3977 jure
768 3912 940 3976 possumus
998 3913 1072 3956 cum
1087 3894 1178 3980 flore
1200 3895 1266 3956 loti
1289 3913 1389 3976 supra
1406 3893 1592 3962 hauserunt.
1619 3898 1691 3964 ΔΕ,
1707 3901 1747 3964 11,

191 4003 367 4090 auspicari,
394 4020 462 4064 uon
487 4013 596 4062 tamen
621 3996 805 4080 corrigere.
843 3993 940 4064 Vnde
1000 3997 1101 4078 (Mus.
1123 3995 1238 4078 Caes.)
1385 3991 1389 3996 ’

190 4107 314 4172 iactum
330 4102 540 4180 necessario.
563 4112 599 4164 ut
616 4101 769 4181 Zodgana
784 4097 867 4161 baec
882 4119 941 4160 nu·
1061 4097 1155 4160 Titus
1177 4110 1311 4164 mortuo
1329 4109 1422 4180 patre
1443 4099 1620 4182 imperium
1647 4101 1748 4169 adivit

192 4228 322 4274 tuorum
346 4204 414 4268 Titi
440 4203 567 4288 sylloge
591 4214 752 4288 perpetua
779 4200 820 4262 sit
845 4199 940 4262 chro-
998 4219 1110 4262 meuse
1127 4199 1220 4263 lunio
1238 4199 1280 4268 V.
1299 4199 1335 4263 C.
1356 4200 1430 4263 832.
1460 4202 1577 4285 Coepit
1594 4224 1677 4288 ergo
1693 4227 1748 4268 an.

191 4310 347 4393 nologiae
368 4305 535 4380 confusio,
558 4318 592 4380 at
611 4301 819 4366 dissidiorum
837 4321 940 4364 causa.
999 4299 1108 4363 nusB
1136 4314 1276 4364 exeunte
1300 4303 1448 4383 Angusto
1476 4303 1624 4386 ejusdem
1651 4307 1744 4382 anni,

192 4413 375 4478 Enimvero
393 4409 499 4470 minus
519 4408 641 4470 irascar
661 4403 789 4469 homini
808 4426 941 4468 numum
1000 4417 1034 4465 et
1061 4424 1162 4466 annua
1192 4402 1220 4464 Δ
1247 4423 1332 4464 anno
1354 4405 1396 4471 V.
1419 4405 1458 4468 C.
1479 4405 1573 4482 834,
1602 4408 1656 4492 qui
1685 4408 1747 4472 fuit

192 4511 497 4602 malefexplicanth
524 4511 619 4592 quam
645 4507 802 4592 praeconi
829 4505 940 4570 verum
1000 4504 1066 4566 Titi
1081 4517 1283 4588 postremus,
1299 4527 1373 4568 nam
1387 4505 1544 4589 proximis
1562 4507 1641 4574 idib.
1655 4511 1746 4594 Sept.

191 4619 281 4684 numi
299 4627 414 4678 statum
434 4611 519 4676 male
537 4611 748 4676 describenti.
771 4611 885 4673 Potest
902 4609 942 4670 il·
1000 4607 1095 4671 lunus
1115 4605 1185 4672 luit.
1215 4609 1295 4671 Cum
1315 4620 1482 4692 postremo
1499 4608 1564 4673 hoo
1584 4631 1670 4676 anno
1689 4634 1746 4675 nu·

1430 4711 1464 4771 H
1486 4729 1504 4771 a
