4430 5564
1111 551 1321 628 CAPVT
1355 551 1476 624 xxm,

1011 1035 1416 1122 SECTIO
1492 1037 1626 1123 IX.-

517 1379 521 1384 .
592 1289 883 1384 Qvtrtno
934 1287 1107 1357 N.VM1
1158 1287 1223 1349 ΙΝ
1272 1287 1626 1354 conoults
1676 1289 2009 1356 stertunt

1077 1424 1492 1494 nectuntur.

505 1757 509 1764 ·
572 1727 748 1794 Possumus
763 1725 985 1810 qusestinusu
1001 1727 1101 1802 huuc,
1122 1721 1252 1809 quaudo
1290 1721 1369 1786 ,αἱς
1397 1721 1496 1787 modu
1523 1720 1701 1806 prouinciis
1725 1745 1793 1790 uon
1820 1729 1906 1792 suls
1934 1725 2083 1790 colonis·

511 1831 577 1898 hoc
597 1831 672 1896 loco
692 1826 1009 1911 attingenda-tamen
1032 1826 1112 1904 tuit,
1142 1825 1272 1910 paucis·
1308 1845 1382 1889 rum
1409 1826 1725 1913 municipiorumque
1750 1849 1807 1893 res
1832 1829 2003 1893 numeria
2030 1827 2082 1889 ha·

511 1930 626 2009 dicire,
665 1931 741 2016 quin
776 1949 924 2014 magnam
956 1942 1083 2014 purtem
1119 1940 1254 1992 tractata
1308 1927 1396 2004 buit,
1436 1926 1497 1990 sed
1532 1929 1662 1994 urbium
1698 1951 1830 2018 quoque
1871 1931 2080 1994 liberarum.

511 2034 576 2118 jam
603 2034 665 2098 fuit
690 2034 724 2096 in
750 2033 995 2118 prolegomenis
1016 2032 1059 2097 ad
1079 2031 1253 2114 regionum
1309 2029 1363 2090 ad
1396 2030 1579 2112 provincias
1612 2031 1691 2098 iude
1722 2053 1743 2098 s
1773 2035 1860 2100 muri
1898 2031 2078 2096 Adriatico

512 2135 547 2198 iu
578 2156 728 2201 occasum
757 2136 937 2221 positarum
966 2153 1101 2211 numos,
1136 2129 1255 2196 additis
1308 2129 1468 2215 deinceps
1491 2133 1708 2198 inscientem
1732 2135 1856 2218 positas
1885 2133 1990 2222 quod
2009 2131 2079 2200 etti·

510 2236 630 2316 etism,
665 2239 694 2301 si
721 2251 852 2320 praesto
881 2236 996 2313 fuere,
1035 2234 1158 2310 causis,
1195 2253 1255 2297 cur
1308 2246 1384 2309 net,
1410 2252 1522 2296 carum
1543 2235 1692 2299 coloniae
1714 2235 1748 2298 in
1768 2234 1945 2302 feriendis
1969 2231 2075 2297 nnmis

514 2339 609 2401 citius
630 2339 751 2401 inillis
772 2339 865 2401 feriri
887 2336 1075 2400 desiverint.
1104 2334 1255 2395 Diximus
1312 2332 1427 2396 eadem
1458 2334 1554 2399 nobis
1583 2336 1743 2418 praebent
1773 2339 1955 2422 exemplu,
1994 2353 2075 2421 qnae

512 2458 615 2522 ergo,
647 2453 829 2523 postremos
858 2439 892 2498 iu
919 2437 1084 2519 Hispaniis
1112 2435 1255 2517 signatos
1311 2434 1411 2498 nrbes
1432 2435 1570 2501 liberae.
1599 2437 1767 2523 Vtrasque
1788 2439 1879 2502 euim
1902 2441 2071 2526 imperau-

514 2559 630 2602 uumos
663 2559 731 2602 uon
766 2539 930 2603 excedere
959 2535 1125 2620 Caligulae
1154 2535 1257 2618 impe·
1312 2549 1346 2600 te
1374 2536 1527 2600 Gallieno
1551 2537 1592 2600 ab
1616 2539 1680 2602 hcc
1703 2540 1850 2604 instituto
1876 2541 2072 2605 discessere

513 2638 617 2714 rium,
641 2639 675 2700 iu
693 2638 807 2702 Galliis
826 2640 890 2722 jam
912 2639 971 2702 sub
990 2639 1137 2721 Augusto
1156 2637 1256 2700 feriri
1311 2637 1512 2722 paucissimis
1540 2658 1614 2701 cum
1642 2641 1876 2704 nonnullorum
1912 2641 2067 2726 proxime

515 2737 656 2817 desitos,
692 2742 856 2804 maturius
878 2742 912 2802 iu
944 2741 1034 2803 Itsiic
1066 2741 1255 2803 continente
1312 2739 1558 2804 succedentium
1600 2741 1740 2824 imagine
1783 2741 1954 2822 residuis,
2000 2741 2067 2804 sive

509 2863 589 2905 *nam
615 2840 741 2904 nulium
769 2841 925 2906 habemus
952 2840 1100 2906 coloniae
1126 2841 1255 2905 Italicae
1312 2843 1401 2927 quod
1422 2840 1586 2904 cummuni
1605 2854 1672 2905 tum
1689 2864 1801 2906 rerum
1826 2846 1979 2910 omnium
2006 2857 2068 2906 tue·

513 2963 647 3008 numum
671 2943 819 3008 Caesaris
840 2946 894 3009 vei
917 2943 1056 3026 Augusti
1079 2943 1183 3028 capite
1210 2944 1258 3004 iu·
1312 2942 1367 3006 diu
1391 2942 1496 3008 uictae
1522 2957 1649 3020 esseut,
1684 2944 1753 3008 sive
1781 2945 1974 3010 abundante
2002 2946 2064 3026 jau

509 3047 651 3129 signem.
679 3045 787 3111 Vnius
810 3043 947 3128 Augusti
965 3045 1091 3108 'vultum
1114 3043 1258 3108 offerunt
1310 3041 1379 3107 tum
1403 3045 1436 3104 iu
1459 3041 1635 3126 provinciis
1655 3059 1785 3109 moneta
1801 3047 1973 3124 Romans,
1998 3045 2063 3106 sire

513 3148 605 3212 numi
637 3146 838 3210 coloniarum
869 3145 1052 3210 Sicularum
1083 3145 1258 3228 Agrigenti
1312 3143 1401 3230 quod
1424 3145 1816 3230 circumhnectempurn
1840 3149 1970 3212 inillis
1996 3145 2064 3208 osii·

515 3263 549 3312 et
581 3248 744 3312 Panormi.
786 3249 918 3312 Africae
954 3249 1073 3312 veteris
1108 3247 1256 3310 coloniae
1313 3248 1406 3311 cinae
1430 3246 1582 3310 constitui
1607 3260 1860 3332 summepere,
1884 3249 1921 3312 in
1945 3249 2061 3335 quibus
2186 3298 2187 3311 ,

514 3343 590 3414 sub'
605 3351 740 3414 Tiberio
769 3350 923 3413 malicum
953 3348 1161 3432 abjecerunt,
1194 3368 1256 3410 una
1312 3349 1473 3412 feriretur
1497 3361 1645 3424 moneta,
1680 3367 1763 3432 quse
1795 3363 1885 3413 esset
1913 3350 2060 3416 omnium

494 3449 625 3514 .Bublu
651 3451 783 3516 Africae
812 3471 914 3518 novae
943 3449 978 3512 iu
1005 3449 1129 3514 Galbae
1155 3451 1258 3532 impe·
1312 3450 1443 3533 imperii
1458 3450 1700 3534 provinciarum
1718 3451 1915 3530 communis,
1933 3453 1978 3518 de
1996 3457 2059 3536 'quo

515 3553 600 3618 rium
629 3551 765 3622 durarit
803 3555 875 3618 Hos
898 3566 1007 3620 umen
1033 3551 1117 3618 flues
1144 3552 1180 3616 iu
1209 3551 1257 3616 di·
1310 3550 1460 3620 iustituto
1476 3565 1593 3638 agetur
1610 3552 1701 3622 stibi.

1019 4011 1424 4102 SECTIO
1504 4017 1610 4102 Χ..

563 4259 645 4322 un
697 4257 1659 4332 uvutsunrsuocuunrsru
1710 4267 2002 4334 ucunrs

1039 4365 1544 4480 concursuvu,

528 4681 538 4692 “
576 4679 678 4764 Legis
698 4683 799 4748 instar
820 4683 1013 4764 tenendum,
1043 4711 1062 4751 a
1089 4712 1152 4774 qus
1177 4710 1253 4754 rsro
1309 4691 1579 4776 inrumpere,
1610 4695 1766 4778 deinceps
1793 4713 1860 4758 uun
1887 4691 1968 4756 ulica
1996 4707 2068 4754 uu·=

513 4780 708 4864 discessum,
734 4785 850 4868 urbes,
874 4801 1081 4876 posteaquam
1104 4794 1251 4858 coloniae
1310 4814 1397 4874 mos,
1420 4795 1482 4860 uisi
1497 4797 1645 4864 coloniae
1664 4797 1797 4864 nomine
1813 4796 1976 4882 stgmsss,
1999 4808 2050 4852 nt·

2182 4292 2185 4365 i
