4338 5554
554 1189 1269 1306 PRAEFATIO.

724 1541 778 1552 ·-··
791 1535 1104 1564 -ψ-

133 1821 385 1972 Enarratis,
428 1863 726 1980 explicatisque
752 1865 952 1975 urbium,
984 1867 1255 1980 populorum,
1289 1893 1520 1982 regumque
1552 1869 1688 1952 numis

136 1999 324 2086 nondum
352 2001 456 2086 mihi
491 2003 630 2088 omnia
663 2005 717 2092 ad
754 2033 1020 2091 communem
1051 2005 1274 2092 utilitatem
1306 2007 1403 2091 satis
1438 2003 1688 2090 videbantur

135 2167 227 2224 esse
247 2137 433 2252 provisa,
459 2141 539 2226 nisi
559 2155 602 2230 et
624 2144 837 2257 generales
857 2144 1057 2258 quasdam
1077 2171 1246 2252 causas,
1268 2171 1316 2228 ac
1329 2143 1569 2256 peristases,
1587 2169 1688 2254 quas

135 2276 369 2390 complures
392 2277 517 2394 hujus
545 2280 683 2364 classis
707 2283 827 2367 numi
843 2261 953 2368 inter
973 2311 1019 2367 se
1038 2310 1280 2374 communes
1304 2281 1481 2389 habent,
1510 2289 1689 2364 tractan-

135 2413 208 2499 das
229 2414 578 2530 exponendasque
595 2417 868 2534 susciperem..
886 2419 945 2505 Et
961 2447 1068 2506 vero·
1080 2431 1269 2534 separato
1293 2447 1363 2505 eas
1382 2420 1501 2525 loco,
1528 2415 1689 2502 confer·

133 2567 283 2664 tasque
299 2551 428 2657 fuisse
445 2554 751 2666 proponendae,
773 2571 866 2643 tum
886 2571 930 2646 et
952 2551 1238 2670 explicandae,
1254 2559 1342 2671 ipsa
1368 2557 1431 2642 rei
1447 2567 1595 2642 natura
1615 2581 1687 2666 pa·

135 2689 220 2772 lam
239 2703 303 2774 est
326 2691 414 2774 visa
437 2692 655 2804 postulare.
688 2691 935 2804 Enimvero,
962 2710 1012 2781 ut
1026 2697 1171 2809 paucis
1193 2696 1350 2781 isthaec
1374 2692 1572 2807 exemplis
1594 2691 1688 2776 illu-

137 2839 286 2930 strem,
306 2853 404 2910 cum
423 2856 507 2911 non
526 2857 608 2912 una
629 2832 754 2917 firerit
771 2835 895 2940 urbs,
918 2832 989 2918 sed
1010 2832 1148 2944 plures
1166 2831 1286 2942 aliae,
1311 2862 1418 2945 quae
1440 2865 1478 2918 v.
1496 2861 1529 2916 c.
1553 2829 1688 2914 Asiar-

137 2961 259 3069 chas,
277 2961 479 3074 epocham
498 2965 830 3080 Seleucidarnm,
849 2968 1076 3056 formulam
1086 2970 1352 3074 aueoHKE,
1368 2969 1489 3054 ludos
1507 2965 1689 3076 Pythice,

138 3111 272 3182 certos
298 3099 501 3210 quosdam
522 3101 729 3189 honorum
755 3107 896 3192 titrdos
921 3122 999 3193 etc.
1022 3106 1158 3189 numis
1183 3105 1267 3189 suis
1294 3106 1560 3218 inscripsere,
1596 3102 1689 3184 nul·

137 3235 221 3318 lam
241 3233 372 3318 habui
393 3251 550 3322 certam
576 3241 803 3352 rationem,
832 3270 908 3326 cur
933 3242 1046 3328 varia
1070 3243 1175 3327 haec
1197 3241 1415 3354 inscripta,
1445 3255 1487 3326 et
1511 3243 1617 3352 quae
1635 3237 1690 3322 ad

138 3371 241 3456 haec
271 3372 528 3460 observanda
555 3378 690 3486 haere,
720 3379 765 3464 ha
794 3381 931 3464 nuruis
965 3380 1099 3492 potius
1126 3377 1302 3492 Ephesi,
1337 3399 1462 3493 quam
1488 3373 1689 3489 Pergami,

137 3508 349 3620 Byzantii,
388 3540 514 3625 quam
538 3515 730 3602 Sardium
751 3543 1046 3602 memorarem¹
1085 3515 1151 3600 Ad
1183 3515 1288 3600 haec
1319 3544 1403 3599 uno
1433 3515 1558 3598 etiam
1587 3539 1691 3632 quo·

137 3647 268 3759 piam,
303 3663 502 3764 certoque
533 3652 626 3739 loco
656 3653 899 3768 explicanda
925 3667 1043 3762 sunt,
1079 3681 1187 3766 quae
1213 3654 1266 3736 ad
1290 3650 1562 3737 evolvendam
1590 3677 1690 3760 epo-

139 3783 311 3868 charum
328 3799 543 3898 naturam,
562 3821 716 3904 easque
739 3791 1010 3906 computandi
1028 3789 1225 3899 modum,
1251 3789 1528 3887 coloniarum,
1554 3771 1690 3870 muni-

138 3920 448 4036 cipiorumque,
474 3941 566 4012 tum
586 3944 629 4015 et
648 3930 938 4043 metropolium
956 3930 1113 4015 variam
1134 3925 1496 4043 significationem,
1520 3938 1563 4009 et
1582 3951 1690 4036 quae

141 4058 298 4142 suntid
321 4089 450 4174 genus
473 4065 573 4174 alia,
609 4066 832 4178 pertinent.
869 4066 1025 4152 Viderit
1045 4066 1244 4152 hactenus
1267 4066 1419 4170 lector,
1446 4090 1594 4146 numos
1617 4059 1691 4146 he·

139 4220 282 4301 roum,
315 4195 559 4312 heroidum,
598 4204 883 4312 conditorum,
918 4231 1271 4318 personarumque
1306 4200 1531 4286 illustrium
1562 4225 1587 4281 a
1621 4227 1691 4282 me
1818 4299 1820 4304 Ι

140 4360 222 4414 non
247 4331 293 4418 in
320 4349 475 4420 certam
501 4341 739 4454 quampiam
763 4344 959 4447 classem,
989 4341 1100 4453 quod
1125 4370 1150 4424 a
1174 4338 1383 4455 plerisque
1406 4337 1608 4421 hactenus
1632 4335 1692 4417 fa·

139 4481 277 4580 ctum,
300 4473 426 4556 firisse
446 4477 645 4585 tributos,
668 4478 743 4562 sed
768 4493 976 4564 enarratas
993 4480 1037 4564 in
1053 4479 1103 4564 iis
1126 4479 1324 4584 urbrhus,
1354 4502 1408 4560 ex
1430 4501 1608 4589 quarum
1631 4472 1693 4556 of-

137 4607 270 4693 ficinis
293 4613 531 4698 monetariis
556 4614 785 4726 prodivere.
823 4622 877 4703 At
895 4618 1084 4730 proxime
1106 4615 1363 4730 singulorum
1383 4613 1693 4697 revocabuntur

138 4745 305 4830 nomina
336 4749 475 4835 addito
508 4753 636 4838 natali
660 4749 771 4862 solo,
806 4755 925 4872 cujus
948 4785 1019 4841 eos
1043 4783 1117 4842 seu
1146 4753 1378 4860 veneratio,
1410 4779 1485 4836 seu
1504 4749 1690 4834 adiectus

199 4889 290 4968 (Vol.
307 4889 384 4972 JV.)
1354 4896 1382 4958 Δ
1406 4917 1424 4956 a
