4468 5568
724 525 799 600 no
836 505 1199 604 conconom.
1602 491 1606 501 '
1667 554 1740 620 aaz

193 695 413 768 Baoosmotio
430 693 628 772 adfirmanti,
651 696 757 766 virum
774 716 849 764 cam
865 699 942 762 Dis-
998 695 1099 764 urbes
1128 695 1268 778 tisinum
1300 713 1356 764 sut
1381 702 1496 770 saltem
1522 721 1587 766 non
1614 723 1747 788 magno·

193 819 256 868 oss
277 800 389 886 eligis
411 817 484 864 esus
502 795 704 864 Androclum
723 799 824 866 Codri
841 800 942 866 Atlts·
997 819 1081 884 pers
1098 800 1270 878 distantes,
1295 802 1342 865 sio
1361 813 1395 865 et
1410 801 1583 887 aliquoties
1597 807 1747 870 remotis·

190 902 355 970 mnndum
383 903 473 986 rugis
502 899 627 977 lilium,
664 901 722 986 qui
751 902 942 968 manumisso
998 899 1098 967 simus
1113 901 1271 966 amicitias
1295 897 1632 986 vinculo'conjonctsr
1648 903 1749 970 hubo·

190 1021 264 1072 sottt
285 1005 402 1068 lunum
423 1015 518 1088 parts
540 1001 622 1067 muri
639 1003 809 1086 Ephesum
831 1003 944 1070 condi·
997 1023 1092 1080 mus,
1127 1017 1183 1068 stu
1234 1004 1380 1068 Athenon
1415 1023 1489 1068 com
1529 1005 1674 1073 'l'nrento
1712 1021 1747 1073 et

189 1103 250 1174 tlil.
283 1102 381 1200 Quod
399 1103 427 1168 si
444 1119 577 1180 imm.
604 1121 647 1168 cx
674 1106 844 1194 orsiesius
867 1127 944 1172 cun·
997 1105 1154 1188 Smyrna,
1201 1105 1436 1168 Alexandriam
1480 1105 1624 1190 Aegypti
1670 1127 1746 1174 cnm

191 1227 227 1274 ss
253 1225 388 1290 prorsus
414 1217 464 1271 stt
487 1205 687 1282 verisimile,
726 1209 798 1272 viro
833 1208 940 1272 altero
996 1206 1133 1290 Epheso
1162 1219 1196 1270 ct
1218 1207 1334 1283 Samo,
1364 1204 1648 1272 Lacedaemonem
1671 1230 1746 1274 oum

192 1327 266 1374 cum
277 1305 464 1390 Masulspii
480 1309 575 1392 signo
592 1307 845 1391 intelligendum
860 1311 941 1374 Pon·
997 1306 1152 1388 Smyrna,
1183 1319 1250 1372 tum
1279 1309 1380 1392 Selge
1411 1321 1447 1372 ct
1471 1307 1642 1392 Ssgnlnsoo
1665 1311 1748 1376 Pisi·
1794 1353 1797 1360 -
1849 1315 1854 1330 '

191 1408 279 1496 gomi
302 1407 529 1486 conditorem,
562 1429 660 1491 quem
690 1408 791 1474 luisse
819 1412 940 1494 Perga·
997 1407 1070 1472 diae
1099 1408 1244 1472 urbibus.

189 1527 278 1574 tuum
306 1507 427 1590 Pyrrhi
454 1507 666 1593 Neoptolemi
695 1509 817 1588 lilium,
856 1525 891 1575 st
921 1534 940 1577 s
1062 1510 1128 1574 lam
1151 1511 1185 1570 in
1211 1509 1316 1574 onmis
1343 1508 1551 1574 remotissimi
1574 1513 1646 1578 scri
1670 1534 1748 1579 con·

190 1609 405 1694 Pergamenis
421 1611 455 1672 in
472 1625 604 1676 moneta
622 1610 751 1693 publico
778 1631 841 1694 pro
863 1633 942 1678 osn-
998 1610 1131 1675 cordine
1168 1611 1355 1696 reporimus
1387 1611 1535 1696 vestigia.
1578 1613 1747 1679 Habemus
1828 1629 1830 1636 ⁴

189 1708 299 1774 (litora
326 1710 489 1792 optumum,
520 1711 552 1776 in
583 1714 702 1776 horum
727 1713 834 1777 numis
859 1712 942 1776 disi·
997 1729 1131 1786 numus,
1169 1711 1204 1774 in
1239 1711 1354 1796 quihus
1390 1715 1576 1796 perscripto
1613 1715 1746 1778 nomina

190 1831 277 1874 mus.
299 1809 391 1904 Quas
413 1813 575 1878 mutantia
589 1813 675 1878 hand
695 1813 794 1880 dubis
813 1815 941 1900 praeis·
996 1813 1139 1875 Bussmi
1158 1827 1192 1878 et
1211 1811 1292 1876 Siris
1310 1812 1472 1876 Lucaniae
1490 1815 1637 1891 urbium,
1667 1816 1747 1879 Cro·

190 1909 296 1978 reuda
313 1925 365 1977 sot
382 1903 452 1988 illi,
477 1933 573 1996 qaam
590 1915 681 1982 dedit
695 1918 943 1996 nummatior,
999 1912 1085 1974 tonis
1107 1927 1142 1978 st
1162 1913 1362 1990 Prouincias,
1394 1915 1456 1976 Lai
1477 1927 1512 1976 et
1533 1915 1745 1993 Posidonius,

192 2011 250 2100 qui
271 2029 313 2076 οι
338 2011 455 2096 pallio,
489 2013 597 2096 pileo,
628 2016 762 2096 baculo,
792 2031 827 2082 et
847 2019 942 2104 signo
1000 2016 1232 2096 Syracusarum
1260 2029 1294 2077 ct
1316 2015 1512 2091 Selinuntio,
1541 2029 1577 2080 et
1607 2039 1746 2104 quorum

192 2112 380 2198 Asscdnpii
396 2113 546 2197 conjicit,
570 2119 794 2202 Pergamenos
812 2139 850 2182 en
866 2121 943 2183 ims-
998 2115 1167 2192 nonnulli,
1205 2129 1359 2200 mantum
1396 2135 1438 2179 ex
1473 2117 1616 2182 lubricas
1647 2119 1747 2184 modo

193 2215 270 2302 gius
288 2215 410 2296 jamme
428 2215 570 2280 soluisse
591 2219 754 2284 illustrem
778 2242 871 2284 snum
898 2223 943 2284 ci-
998 2217 1161 2301 colligers
1192 2216 1289 2292 licet,
1331 2217 1517 2301 quingentis
1558 2219 1632 2284 fers
1672 2235 1746 2288 ants
1804 2249 1814 2276 ι

191 2335 285 2390 rem,
318 2328 353 2380 et
380 2315 544 2382 medicum
565 2317 745 2400 Calenum,
774 2333 808 2386 st
838 2321 941 2406 ipsius
998 2317 1162 2382 Christum
1197 2331 1307 2384 natum
1344 2320 1435 2381 annis
1473 2321 1544 2383 cusi
1580 2319 1744 2388 videntur.

192 2416 289 2484 slim
321 2417 508 2495 Commodi,
545 2421 600 2483 coi
632 2421 800 2488 dedicatus
832 2424 859 2488 is
890 2439 941 2488 est
997 2420 1173 2503 Reliquum
1200 2418 1273 2482 lere
1300 2431 1404 2482 totum
1431 2440 1550 2506 agmen
1572 2423 1747 2506 imperato-

193 2539 330 2595 nunrns,
366 2519 507 2584 tuendas
531 2522 712 2586 valetudini
736 2524 940 2608 praelectum
997 2543 1071 2586 rum
1093 2538 1174 2586 aevo
1201 2519 1360 2596 debetur,
1391 2541 1457 2605 quo
1488 2536 1642 2608 tempore
1670 2525 1748 2590 civi·

191 2619 234 2690 tls
249 2639 315 2704 quo
331 2620 408 2686 ride
430 2621 526 2703 plura
547 2623 633 2706 apud
650 2625 860 2704 Fabrettum,
885 2628 941 2710 qni
997 2637 1081 2686 tates
1109 2621 1276 2686 Romanis¹
1292 2621 1479 2704 subjectas,
1506 2646 1580 2688 cnm
1611 2623 1746 2708 publice

64 2732 71 2741 '
192 2721 264 2805 ejus
281 2723 462 2787 santsntiso
482 2723 607 2806 primus
626 2739 741 2790 auctor
754 2729 877 2791 exstitit
900 2729 940 2809 ¹).
997 2725 1060 2806 jam
1083 2745 1147 2786 non
1170 2735 1323 2806 possent,
1353 2725 1478 2807 privetu
1509 2727 1597 2790 inter
1618 2747 1654 2790 ss
1676 2725 1747 2790 fos·

191 2821 420 2890 Bonontflonn
442 2821 649 2891 monviron
668 2827 940 2910 Pergamenis,u
997 2827 1077 2888 ders
1098 2827 1293 2906 junxerunt,
1321 2845 1387 2908 quo
1416 2825 1459 2890 ds
1489 2826 1638 2892 instituto
1668 2847 1746 2892 mox

194 2924 315 3012 quibus
346 2925 401 2990 hio
437 2945 554 2990 nunus
589 2928 733 3012 signatus
769 2944 836 3008 est,
872 2951 939 2993 non
996 2927 1081 2990 inira
1103 2945 1248 3007 agemus.

192 3025 293 3092 morlo
324 3025 498 3108 praestitas
524 3027 694 3114 utriusque
724 3029 814 3094 urbia
831 3021 941 3107 'ieor,
1062 3025 1258 3117 Quaeritur,
1289 3047 1364 3088 cuno
1395 3025 1531 3091 duarum
1559 3029 1746 3113 pluriumve

194 3127 256 3191 ssd
278 3138 312 3189 st
334 3126 529 3212 longaevam
552 3129 624 3210 ejus
647 3144 841 3195 vetustatem
868 3153 943 3216 pro·
998 3127 1129 3190 urbium
1151 3125 1268 3189 eodem
1291 3128 1325 3188 in
1349 3148 1447 3192 onmc
1469 3143 1659 3212 comparent
1689 3149 1747 3192 no·

191 3225 308 3316 positis
324 3225 438 3311 primis
451 3227 677 3296 conditoribus
697 3232 732 3294 in
754 3253 944 3296 monumen·
1000 3229 1104 3302 mina,
1143 3228 1177 3289 in
1210 3242 1282 3292 utra
1315 3229 1547 3298 existimandus
1578 3232 1619 3293 sit
1649 3251 1746 3296 curus

192 3341 230 3394 to
248 3328 383 3414 publico
400 3329 583 3396 celebrare.
998 3353 1127 3394 numus.
1170 3331 1224 3392 Ex
1254 3329 1422 3396 Vaillsntii
1453 3333 1612 3394 sententis
1637 3329 1670 3413 ¹³)
1705 3333 1747 3394 si·

256 3431 461 3515 Plerumque
489 3431 626 3496 duorum
655 3443 784 3498 tuntum
810 3435 950 3498 nrhinm.
999 3435 1115 3517 gnatum
1138 3445 1189 3495 sot
1211 3431 1249 3492 in
1270 3451 1325 3508 en,
1351 3452 1434 3515 quas
1457 3433 1490 3494 in
1517 3451 1617 3495 nomo
1641 3432 1746 3515 prima

195 3531 545 3600 oouoortlisinnsmis
563 3533 807 3618 prodiremus:
832 3531 948 3598 ΕΦΕ-
999 3547 1160 3599 exoratur.
1204 3533 1330 3604 Verum
1367 3532 1476 3613 judice
1511 3535 1692 3598 Pellsrinio
1716 3539 1747 3614 c)

195 3631 327 3700 ΟΙΩΝ.
362 3633 455 3700 ΚΑΙ.
492 3631 788 3701 ΟΑΡΔῙΑΝΩΝ.
825 3635 944 3700 ΟΜΟ-
1000 3635 1192 3703 Vaillantins
1220 3633 1290 3719 ipss
1319 3636 1422 3697 toties
1446 3635 1575 3718 cogitur
1602 3635 1746 3718 religere

193 3731 324 3798 NOlA.
348 3746 381 3799 st
405 3735 563 3800 hebemus
588 3737 686 3802 etium
704 3751 772 3802 tres
791 3738 823 3800 in
843 3759 943 3801 numo
1000 3739 1085 3802 hano
1106 3737 1236 3819 legem,
1266 3748 1302 3799 nt
1332 3737 1451 3800 melios
1481 3752 1588 3802 sctum
1615 3735 1746 3814 luissm,

193 3835 372 3901 Domitiani
401 3839 487 3921 apud
519 3839 750 3906 Vuillsntisms
789 3833 945 3902 ethem-
1000 3839 1029 3902 si
1061 3857 1223 3924 nunqnam
1253 3856 1325 3902 sam
1354 3837 1489 3904 lixissot.
1528 3839 1651 3904 Contra
1679 3839 1748 3902 exi·

194 3933 282 4002 ΩΝ.
300 3932 442 4006 cMrt’.
460 3935 671 4006 [terram
691 3940 806 4004 idest:
837 3941 943 4024 Eirie-
999 3943 1124 4018 stimat,
1164 3939 1255 4004 numi
1282 3941 1417 4024 patriam
1446 3942 1642 4026 plerumqos
1671 3961 1745 4006 esse

193 4059 287 4114 sum,
326 4040 518 4124 Smyrnam,
555 4044 772 4123 Pergamum,
803 4043 880 4127 quin
909 4055 943 4107 st
999 4063 1090 4122 snm,
1120 4062 1204 4128 quae
1232 4043 1374 4106 secunda
1401 4043 1605 4120 nominetur,
1634 4042 1747 4107 altori·

194 4153 353 4226 quatuor,
376 4131 575 4227 ilytilenen,
596 4143 813 4230 Perga-nm,
833 4145 945 4230 Ephe·
999 4167 1064 4232 pos
1099 4145 1236 4209 honoris
1271 4165 1365 4210 cansa
1403 4139 1600 4208 nobilmrsm
1635 4146 1746 4210 locum

194 4231 470 4327 sum,‘Snyrnum
484 4246 517 4310 io
533 4265 653 4323 numo,
669 4266 767 4332 quem
782 4245 943 4330 descripsi
999 4248 1119 4312 datum.
1163 4245 1330 4340 Qtuidqnirl
1361 4247 1445 4323 erit,
1482 4245 1571 4308 istud
1599 4259 1745 4322 certum,

194 4343 228 4408 in
252 4357 382 4410 monetu
402 4347 577 4433 Mytilenen
595 4347 708 4414 Lesbi.
742 4350 785 4418 Vt
807 4369 944 4413 concor·
998 4350 1060 4414 ltac
1083 4350 1116 4411 in
1143 4361 1237 4432 pnrtn
1264 4364 1387 4414 certam
1412 4348 1521 4429 legem
1542 4367 1745 4432 ”quaquam

195 4445 281 4508 sliam
307 4447 419 4512 initum
446 4449 642 4534 plerumque
673 4449 823 4516 ridemus
854 4453 943 4515 inter
999 4451 1224 4526 obuersatam,
1251 4450 1325 4534 quia
1349 4463 1524 4532 utrumqne
1544 4448 1682 4535 perinde
1700 4451 1747 4516 fn·

232 4745 263 4812 a)
284 4745 328 4836 Do
347 4713 412 4800 Col.
430 4746 633 4821 Tisip-211·
708 4746 965 4818 bJNumAErace
991 4759 1176 4826 pul-qu·
1251 4743 1545 4819 &Midili-²94·

258 4853 445 4932 (Votlts.)
