4468 5568
666 517 743 588 Du
777 511 1101 588 mensione
1137 513 1321 590 SlTVS.
1640 507 1645 515 ¹
1694 537 1769 608 '515

222 687 298 754 cubi
321 700 463 752 exstsret
484 686 633 760 mentio,
647 683 676 748 si
697 682 793 748 ssusii
818 682 973 759 luissent,
1032 679 1066 766 gi
1085 678 1288 756 imberbem,
1314 681 1389 765 quis
1410 681 1438 744 is
1458 693 1542 746 teste
1562 683 1723 752 Strabone
1743 687 1777 771 t)

224 803 256 852 at
277 788 442 872 neglecti,
465 790 540 872 quis
561 786 671 850 lentes
693 795 814 848 tentum
836 783 974 862 inerint,
1031 803 1138 868 prope
1158 781 1363 846 Antiochiam
1394 796 1514 846 terrens
1547 785 1777 872 subingressus

222 901 258 954 et
290 891 364 954 uuis
391 890 562 974 oppidanis
593 906 655 971 per
689 885 974 968 superstitionem,
1031 897 1106 968 post
1126 883 1196 947 XL.
1219 883 1320 946 stadis
1341 885 1533 947 renascitur.
1572 888 1616 949 At
1637 910 1702 953 nou
1725 909 1777 954 re-

222 1005 279 1055 snt
309 989 405 1055 aliam
434 1010 563 1054 eausam
593 987 749 1050 bonorsti
776 984 895 1062 babiti,
932 983 974 1048 de
1031 984 1126 1048 flexit
1154 987 1293 1048 animum
1325 983 1376 1048 vir
1404 985 1577 1066 prseclsre
1610 989 1774 1070 eruditus,

223 1111 291 1176 qno
315 1089 408 1165 side,
438 1111 522 1176 quse
543 1089 683 1152 disserui
705 1089 738 1149 in
759 1088 865 1148 numis
887 1084 974 1147 Pbo·
1027 1083 1063 1145 in
1086 1084 1247 1162 omnium,
1279 1104 1357 1169 quss
1385 1083 1532 1162 laudavi,
1564 1089 1692 1152 urbium
1715 1109 1774 1156 nu·

225 1212 322 1256 caess
352 1191 462 1254 louiae
489 1189 527 1254 sd
558 1189 675 1252 similis
702 1187 834 1250 nemius
857 1187 971 1254 llus'io·
1028 1185 1091 1248 mis
1119 1185 1236 1250 fluvios
1265 1184 1329 1248 boe
1357 1187 1456 1264 tuedo
1483 1189 1671 1272 propositos
1692 1189 1773 1278 lingi

221 1311 297 1354 rum
319 1290 513 1374 imaginibus
536 1290 694 1374 subjecta.
1027 1283 1204 1361 imberbes.
1241 1285 1333 1350 llaec
1354 1289 1554 1370 generatim,
1583 1291 1641 1354 sed
1669 1292 1774 1376 privs·

197 1423 207 1444 ·
286 1390 476 1454 Gencrstins
498 1390 582 1452 binis
604 1389 710 1452 modis
733 1385 814 1472 fingi
837 1385 970 1451 ilumine
1027 1387 1084 1448 tim
1107 1386 1187 1448 alius
1209 1405 1280 1448 snos
1302 1386 1411 1450 valuit.
1453 1391 1488 1449 ln
1512 1389 1694 1455 Sicularum
1717 1415 1771 1456 ur·

222 1494 254 1556 in
295 1493 406 1556 usmis
444 1511 669 1565 consuevere,
712 1489 852 1572 primum
889 1501 967 1569 typo
1026 1486 1116 1550 bium
1145 1487 1250 1548 nuruis
1279 1486 1445 1570 linguntur
1466 1485 1576 1566 ssusii,
1606 1505 1640 1554 et
1660 1493 1771 1570 lentes

223 1591 349 1676 figurae
372 1591 491 1666 virilis,
521 1591 626 1655 rarius
655 1587 824 1652 muliebris
851 1587 969 1651 additis
1025 1589 1136 1668 speeie
1157 1586 1279 1650 decors
1301 1588 1364 1651 viri
1385 1589 1529 1671 juvenis,
1554 1603 1609 1654 aut
1628 1595 1771 1677 puellae,

223 1692 324 1756 seriis
344 1690 542 1774 insignibus,
571 1691 613 1755 de
635 1689 752 1774 quibus
776 1709 852 1751 mox
872 1687 967 1752 inim.
1024 1700 1121 1770 stque
1138 1687 1174 1747 hi
1189 1699 1244 1750 snt
1259 1699 1401 1765 stantes,
1418 1703 1472 1752 sut
1491 1691 1563 1754 solo
1583 1712 1698 1755 eorum
1718 1717 1770 1760 cs·

225 1793 376 1860 obtinuit
400 1791 454 1855 bic
484 1791 600 1854 modus
629 1809 690 1876 per
712 1788 969 1853 Graeciam-Eu·
1024 1788 1090 1872 pite
1109 1788 1302 1872 proposito,
1318 1769 1367 1850 ex'.
1381 1791 1472 1871 cujus
1492 1789 1602 1878 lreute
1625 1796 1770 1876 plerum.

220 1913 399 1978 ropsesm,
444 1905 481 1956 et
514 1907 614 1956 totsm
653 1892 763 1954 Asinus
806 1887 968 1952 minorem
1025 1908 1088 1972 qpe
1115 1889 1273 1950 minutum
1301 1908 1412 1953 cornu
1426 1903 1547 1974 turget.
1586 1896 1770 1962 Acheloum

221 1993 364 2077 demptis
403 1993 628 2076 Cappadocia,
671 2005 704 2054 et
739 1991 870 2054 Cilicis..
912 1989 967 2052 Sic
1022 1991 1060 2052 in
1081 1990 1191 2054 numis
1211 1990 1431 2054 Oeniadarsm
1457 1994 1667 2060 Acarnaniae
1685 1999 1769 2061 iudi·

220 2107 256 2160 st
273 2095 427 2179 Aegyptii
445 2093 554 2156 Nilum
574 2114 666 2156 suom
681 2092 831 2167 finxere,
851 2103 885 2153 et
902 2091 968 2154 Ro·
1023 2103 1075 2154 cat
1098 2104 1197 2176 caput
1217 2090 1387 2154 barbatum
1405 2092 1528 2175 duplici
1546 2099 1673 2161 taurino
1695 2120 1769 2163 cor·

220 2197 307 2259 mari
328 2195 361 2256 in
381 2195 599 2282 monumentis
619 2197 688 2258 suis
703 2193 822 2260 ssusios
841 2211 965 2254 omnes.
1022 2213 1066 2254 uu
1084 2191 1279 2274 praefixum,
1298 2193 1383 2255 etin
1402 2195 1485 2257 tauri
1502 2195 1625 2260 collum
1644 2199 1768 2278 abiens,

220 2295 352 2360 Deinde
377 2309 453 2379 typo
477 2295 605 2378 juvenis
625 2295 704 2358 nudi
722 2294 832 2358 medio
851 2311 968 2376 corpo·
1013 2295 1175 2364 ,nimirum
1198 2293 1285 2378 quod
1307 2295 1392 2357 tsuri
1413 2296 1529 2378 specie
1547 2297 1580 2357 in
1601 2314 1768 2365 certamen

221 2415 259 2460 rs
282 2396 324 2460 ab
345 2397 437 2481 aquis
459 2396 633 2474 exstantis,
666 2410 700 2460 ct
729 2394 869 2458 diductis
896 2394 968 2456 bre·
1024 2414 1098 2458 cum
1113 2397 1259 2462 Hercule
1277 2395 1486 2460 descendisse
1501 2396 1680 2465 lerebstur.
1703 2403 1769 2466 Eo·

220 2496 302 2562 ebiis
323 2511 440 2563 nature
467 2497 543 2574 sisi,
574 2519 670 2580 supra
688 2516 798 2596 ·queup
823 2496 968 2579 plerum·
1023 2494 1099 2559 dem
1121 2499 1275 2578 exemplo
1296 2496 1415 2584 bovem
1437 2518 1509 2561 cum
1531 2502 1636 2583 cipite
1658 2499 1769 2566 bunos·

220 2619 285 2684 que
307 2599 483 2681 conspicua
505 2599 626 2662 mulier
648 2598 763 2660 turrita
790 2597 865 2680 rupi
892 2597 968 2658 iusi·
1022 2619 1067 2662 no
1091 2599 1124 2682 in
1146 2601 1252 2664 numis
1277 2598 1617 2684 urbium-Campaniae
1637 2616 1670 2666 et
1686 2605 1768 2671 Siei-

222 2697 315 2764 dens.
367 2701 440 2762 lloc
481 2711 560 2781 typo
601 2698 808 2762 adumbratos
847 2694 966 2760 fluvios
1020 2697 1084 2761 lise
1100 2699 1201 2762 luisse
1216 2700 1398 2783 symbolum
1415 2697 1605 2780 fluviorum,
1622 2702 1768 2770 adseruit

219 2799 331 2867 videas
361 2800 395 2862 in
423 2800 530 2862 nusnis
556 2800 801 2884 Cappadociae,
833 2810 867 2860 et
888 2798 966 2860 citt·
1019 2801 1469 2884 princepswarrirtturiae,
1494 2816 1528 2866 et
1548 2823 1621 2866 cum
1639 2825 1681 2868 eo
1699 2805 1764 2884 slii,

216 2901 311 2978 ciue,
347 2913 381 2964 et
418 2900 459 2964 ub
492 2900 543 2965 bis
577 2923 638 2984 per
667 2915 770 2964 totum
800 2897 962 2982 reliquum
1020 2899 1078 2962 sed
1098 2923 1192 2986 quam
1212 2903 1484 2985 egoseutentiem
1507 2903 1572 2967 late
1596 2905 1766 2990 impugna·

214 2999 389 3066 Orientem
426 3003 694 3067 numismaticum.
737 3002 841 3062 Extrs
875 2999 962 3062 bunc
1018 3002 1052 3067 vi
1073 3003 1106 3086 in
1131 3003 1270 3080 diatribe
1295 3004 1487 3086 Campaniae
1513 3008 1619 3068 nuruis
1647 3007 1763 3072 adfixa.

212 3116 353 3167 tractum
371 3122 436 3164 non
454 3106 567 3187 reperi
584 3096 720 3169 lluriuni
738 3101 772 3163 in
787 3102 875 3164 huuc
895 3119 963 3163 mo·
1017 3102 1229 3166 Maeandrum
1249 3105 1413 3185 Phrygiae
1435 3117 1469 3167 et
1491 3105 1604 3170 Cariae
1627 3103 1763 3172 iluvium

215 3204 292 3267 dnm
320 3203 513 3280 formatum,
546 3218 774 3290 praeterquam
801 3203 834 3264 in
861 3220 961 3264 numo
1018 3203 1189 3285 designant
1213 3207 1248 3266 lu
1273 3205 1380 3266 numia
1405 3204 1513 3268 lineae
1535 3207 1569 3267 iu
1592 3227 1627 3270 se
1652 3227 1765 3272 recur-

213 3306 355 3371 Niceese
374 3305 568 3387 Bithyniae,
593 3325 690 3388 quem
710 3306 787 3369 olim
812 3302 902 3366 edidi
917 3304 958 3385 ¹).
1017 3317 1148 3382 rentes,
1173 3317 1266 3388 cspte
1286 3306 1429 3388 imagine
1449 3329 1469 3369 s
1485 3320 1599 3371 natura
1618 3305 1762 3374 fluminis

213 3409 262 3472 Cl.
280 3408 405 3470 Ennius
418 3391 573 3470 'Viscouti
594 3407 722 3489 signum
738 3424 959 3488 marmoreum
1017 3405 1177 3488 tortuosi,
1207 3420 1241 3472 et
1262 3427 1298 3470 se
1319 3407 1353 3468 in
1376 3407 1539 3490 serpentis
1566 3428 1694 3474 morem
1721 3411 1763 3472 si-
1790 3441 1795 3448 ·

215 3509 360 3592 vulgarit
380 3507 486 3570 forms
509 3509 622 3570 similis
644 3507 792 3570 mulieris
814 3505 960 3590 rupiin·
1006 3507 1158 3588 ¹neentis,
1189 3506 1278 3570 unde
1306 3508 1338 3568 in
1366 3491 1599 3591 proverbium,
1629 3524 1663 3574 et
1684 3530 1763 3595 poe·

213 3609 349 3674 sidentis
371 3624 563 3692 emergente
587 3608 700 3671 subtus
721 3607 832 3672 ssuvio.
865 3609 958 3671 Hanc
1015 3621 1120 3670 tarum
1148 3608 1236 3670 lusus
1265 3609 1384 3674 saluit..
1413 3611 1625 3696 lu,Dsmasci
1645 3612 1763 3676 Coele·

211 3732 285 3774 cum
307 3710 500 3793 frequenter
522 3710 654 3788 rideret
670 3709 704 3771 iu
723 3709 958 3798 numisAntio·
1016 3709 1121 3794 aprinae
1151 3729 1250 3772 numo
1281 3711 1432 3775 videntur
1464 3708 1583 3775 fluvios
1613 3711 1759 3778 indicare

210 3813 301 3880 chise
326 3811 459 3894 Syriae,
491 3833 556 3874 non
578 3810 736 3874 dubitavit
765 3811 955 3887 adfirmare,
1014 3809 1098 3872 dnae
1130 3808 1237 3874 lineae
1268 3831 1371 3896 vagae
1407 3832 1450 3875 ex
1480 3813 1599 3878 montis
1633 3814 1759 3878 vertice

209 3935 250 3980 ss
284 3915 416 3999 genium
453 3913 657 3977 Antiochiae
683 3911 845 3994 exbiberi.
889 3912 957 3978 Ve·
1013 3909 1150 3988 ductae,
1182 3926 1216 3974 ot
1245 3911 1286 3974 ad
1317 3913 1395 4002 ejus·
1416 3914 1560 3977 radicem
1590 3929 1759 3992 coeuntes,

207 4037 303 4092 rum,
336 4015 489 4092 ut·disi,
522 4013 636 4079 obrius
659 4026 710 4094 est
730 4013 786 4076 bic
807 4027 900 4098 typus
921 4013 954 4074 in
1013 4011 1056 4077 de
1078 4013 1241 4098 quovide
1262 4035 1380 4078 numos
1399 4015 1495 4098 hujus
1515 4015 1616 4080 urbis.

208 4128 340 4180 moneta
363 4116 524 4180 variarum
549 4113 644 4198 b'ujua
670 4127 791 4177 tractus
811 4113 956 4186 urbium,
1137 4187 1142 4198 ,

206 4237 243 4283 sc
267 4218 444 4304 praecipue
467 4218 562 4281 'I'srsi
589 4237 720 4300 quoque
750 4217 889 4302 illustris
922 4214 956 4276 in
1078 4219 1158 4280 Gusn
1185 4215 1279 4283 ssusii
1299 4219 1410 4302 specie
1435 4219 1493 4281 riri
1516 4221 1607 4282 humi
1628 4220 1760 4285 decum-

206 4419 315 4486 iubis
336 4420 529 4486 Antiochiae
558 4420 664 4483 nnmis
694 4431 872 4504 propterea
897 4419 956 4480 liu-
1012 4439 1128 4484 eorum
1156 4419 1252 4484 ducts
1277 4419 1389 4484 indole
1419 4419 1519 4482 tribui
1540 4422 1657 4486 solent.
1701 4424 1756 4486 Sic

240 4725 270 4795 a)
290 4722 376 4780 Nuus.
394 4736 451 4782 vet.
470 4743 501 4799 p.
515 4733 572 4790 tib.
647 4723 682 4798 b)
701 4723 793 4786 LVI.
808 4744 838 4802 p.
850 4743 887 4782 ns.
906 4733 972 4786 422.
