4338 5554
504 571 574 642 222
1141 551 1342 630 CAPVT
1377 551 1404 630 Ι.

507 723 652 812 quamtis
669 745 735 790 uon
751 714 827 792 toro
850 737 1020 809 utrumqne
1041 742 1161 785 nomen
1176 741 1251 805 pro·
1306 748 1400 810 passu
1415 723 1649 814 inrupperunt
1666 727 1816 804 &nenses
1833 728 1915 813 simp
1938 721 2062 794 laess-

508 830 631 894 miscue
653 829 754 892 fuerit
774 841 972 910 usurpatum.
1306 849 1396 888 euros
1412 824 1487 903 isso.
1517 825 1562 888 Oc
1582 851 1647 914 «γαρ
1669 826 1753 908 ἄξιοι
1771 854 1815 912 τῳ
1827 827 1912 910 nieles
1931 854 1989 906 sss
2014 829 2062 908 εἰς

571 935 724 1012 Magnum
754 929 824 991 eine
847 926 945 990 dubio
968 926 1031 989 fuit
1053 923 1143 990 omni
1168 943 1248 988 nevo
1305 927 1383 1012 tipus·
1403 934 1591 1011 φιλοτειμκιν
1611 932 1764 1016 «γενεσθαι
1783 932 1912 1014 lepus,
1934 955 2061 1016 nuspa.-

510 1027 725 1116 sophistarnm
749 1049 892 1105 nomen,
923 1027 1095 1111 magnique
1119 1026 1159 1088 iia
1180 1027 1250 1092 vul·
1306 1034 1383 1105 λιςα
1407 1053 1515 1106 ταυτην
1540 1029 1622 1114 tipus
1644 1029 1787 1096 cisrerrtos
1808 1029 1878 1112 inse
1897 1031 1974 1096 dere
1998 1059 2056 1112 sne

510 1155 553 1216 go
570 1131 734 1196 constituti
754 1132 896 1193 honores
916 1144 950 1194 et
976 1128 1138 1212 praemia,
1161 1125 1251 1210 quoti
1308 1151 1412 1214 >papan
1432 1132 1611 1215 Europum.
1635 1132 1819 1212 Enrsollsooe
1841 1137 1919 1214 Aue.
1949 1135 2058 1198 Anu-

511 1232 665 1296 orotionis
687 1231 842 1293 suavitate
862 1243 995 1322 nossent
1017 1231 1162 1291 mulcere
1186 1229 1251 1291 ani·
1308 1252 1397 1304 ustor
1418 1255 1467 1292 aut
1490 1234 1603 1306 Arbace
1623 1227 1800 1314 Σπηρατος.
1836 1237 2057 1300 Divinissiuti

510 1355 581 1396 mos
615 1331 834 1407 audientium,
870 1327 904 1394 et
935 1329 1091 1413 quidquid
1117 1329 1252 1404 vellent,
1307 1337 1521 1413 imperotores
1538 1335 1674 1397 Seuerus
1685 1349 1715 1396 et
1729 1335 1929 1398 Antoninus
1941 1336 2054 1420 Smyr·

508 1434 719 1520 persuadere.
764 1433 848 1496 Sane
883 1431 978 1514 hujus
1010 1451 1105 1493 eausa
1133 1451 1251 1493 aureus
1309 1435 1424 1496 noeis:
1448 1434 1486 1497 Sl
1502 1435 1662 1497 Claudius
1677 1433 1818 1518 Rufinus
1834 1439 1919 1499 sistis
1937 1451 2053 1512 vester,

508 1537 541 1598 iu
563 1535 686 1618 templo
710 1533 872 1617 Delphico
894 1533 984 1596 stetit
1005 1531 1166 1617 Gorgiae,
1196 1531 1252 1595 alii
1309 1538 1381 1616 qui,
1402 1535 1442 1596 ol
1460 1537 1696 1619 professionem
1714 1539 1901 1599 studiorum
1920 1548 1954 1600 et
1972 1543 2056 1601 ossi·

509 1637 628 1701 laudati
650 1636 781 1718 publice
803 1635 991 1698 honorificis
1013 1634 1178 1698 civitatum
1196 1633 1253 1696 de·
1307 1638 1406 1698 duom
1424 1637 1664 1713 ineloquentia
1680 1639 1800 1711 vitent,
1817 1643 1992 1719 proposita
2005 1661 2053 1702 so·

508 1740 627 1813 cretis,
657 1737 865 1802 constitutum
896 1738 993 1800 etiam
1014 1735 1053 1798 ab
1078 1736 1254 1819 imperato·
1304 1737 1428 1820 phiscis
1452 1741 1629 1799 seeundum
1654 1739 1788 1800 diuinos
1811 1739 1973 1814 majorum
2001 1761 2054 1802 no·

509 1842 623 1915 ribus,
652 1853 688 1902 ut
713 1840 768 1924 qui
791 1837 905 1920 viginti
935 1859 1036 1900 annos
1058 1857 1131 1900 oum
1154 1836 1251 1901 laude
1306 1851 1451 1901 strorum
1482 1840 1736 1900 constitutiones
1765 1839 2054 1904 VAOATJOA'E

508 1942 701 2017 docuerint,
738 1939 885 2001 maximis
923 1938 1102 2001 honoribus
1140 1951 1173 2002 et
1203 1939 1251 2000 di·
1307 1938 1556 2004 MVNERVM
1560 1939 1716 2021 fruitur,
1736 1941 1829 2002 uobis
1845 1961 1922 2002 eum
1938 1955 2050 2022 sponte

510 2043 682 2128 gnitatihus
717 2040 935 2121 perfruantur.
992 2040 1036 2100 Et
1064 2059 1146 2103 vero
1183 2061 1249 2102 non
1307 2059 1347 2102 oe
1377 2041 1561 2102 necessario
1594 2039 1891 2119 compellantibus,
1918 2055 2050 2122 proetu-

508 2167 628 2229 pauooe
652 2143 691 2206 ad
710 2163 832 2204 summa
854 2153 1005 2214 evectos,
1028 2141 1125 2204 variis
1141 2161 1250 2204 exem·
1305 2161 1377 2202 torn
1390 2161 1451 2221 pro
1469 2161 1529 2202 suo
1547 2143 1582 2202 in
1593 2144 1741 2221 putrium
1763 2161 1874 2202 umore
1896 2147 2050 2224 suscepit,

507 2248 571 2332 plia
593 2243 782 2326 comprobat
801 2239 1033 2316 Philostratus,
1061 2242 1148 2304 inter
1167 2263 1250 2326 quae
1301 2241 1522 2318 justissimum
1546 2254 1612 2316 est,
1644 2245 1749 2303 otium
1771 2241 1827 2302 illi
1847 2247 1962 2320 quood
1981 2247 2049 2306 olio

507 2348 718 2432 praecipuum
736 2341 1097 2406 Herodeshttieusbis
1116 2342 1156 2406 ad
1175 2363 1252 2406 con·
1307 2346 1479 2404 immotum
1498 2343 1660 2430 permitti.
1700 2341 1812 2420 Aeque
1834 2347 1923 2406 enirn
1950 2347 2050 2420 decet,

507 2449 644 2510 sulatum
677 2459 833 2519 evectus,
864 2457 933 2504 tum
958 2457 991 2504 et
1019 2442 1083 2504 Dio
1112 2444 1251 2526 Chryso·
1307 2444 1537 2504 oleosuontt'n
1554 2443 1864 2504 uosobserountiom
1879 2447 2051 2508 detrimen·

508 2565 632 2613 stemus
655 2570 673 2610 a
695 2545 835 2624 Trojano
857 2543 891 2604 iu
912 2563 1064 2620 currum,
1094 2565 1163 2628 quo
1181 2546 1251 2629 ipse
1309 2553 1343 2604 to
1361 2563 1447 2618 esse,
1462 2547 1641 2624 praecipue
1655 2543 1745 2605 uobis
1757 2543 1845 2606 hono
1854 2567 1915 2626 pro
1928 2565 2051 2628 cogro-

507 2649 707 2724 rehehatur,
730 2644 897 2709 admissus.
928 2643 1061 2722 (suidas
1081 2645 1141 2708 suh
1159 2645 1250 2712 Aaou.
1309 2647 1392 2706 tiam
1408 2642 1665 2724 postulantibus.
1691 2644 1819 2706 Volete.
1841 2646 1968 2728 Legati
1974 2649 2052 2729 sue·

507 2752 643 2816 Photius
664 2749 744 2810 Cod.
765 2747 854 2825 uoq.)
898 2745 987 2806 lnter
1013 2745 1187 2830 privilegia
1212 2747 1251 2809 iia
1307 2757 1386 2808 ruttt
1396 2747 1483 2806 Aur.
1494 2745 1689 2806 Antoninus
1702 2755 1735 2804 et
1746 2745 1870 2808 Aelius
1882 2747 2050 2828 Speratus.

508 2837 653 2917 eonferri
677 2851 771 2912 solita
801 2847 1010 2930 praecipuum
1040 2845 1101 2909 tuit
1128 2849 1250 2912 vacatio
1307 2845 1359 2908 En
1386 2843 1584 2908 vacationem
1610 2864 1781 2906 munerum
1807 2847 1963 2928 sophistis
1990 2849 2051 2930 ism

507 2975 702 3029 munerum,
738 2949 888 3010 nimirum
918 2969 959 3010 ne
985 2949 1087 3012 causis
1112 2949 1251 3032 puhlicis
1308 2959 1382 3010 ante
1406 2946 1565 3008 Severum
1592 2945 1633 3008 ab
1659 2945 1911 3030 imperatoribus
1934 2949 2049 3012 litteris

507 3057 653 3119 distracti
674 3051 848 3115 detrahere
882 3049 1071 3112 liberalibus
1094 3051 1159 3115 suis
1186 3065 1250 3115 stn-
1307 3048 1443 3132 publicis
1458 3051 1666 3125 eoncessum,
1689 3063 1723 3110 et
1741 3049 1781 3112 ab
1801 3051 1864 3116 hoo
1881 3051 2051 3116 conflrma-

508 3159 570 3223 sliis
585 3165 793 3240 cogerentur.
822 3151 902 3234 Ejus
920 3152 1046 3216 illustre
1064 3154 1251 3236 exemplum
1307 3165 1390 3228 tam,
1413 3149 1491 3233 quin
1507 3161 1540 3210 et
1557 3148 1726 3230 praeclare
1743 3172 1816 3215 com
1833 3153 1897 3218 hoo
1915 3153 2051 3219 decute

507 3258 690 3343 suppeditat
707 3274 867 3328 marmor,
891 3254 977 3336 quod
997 3269 1047 3316 est
1063 3255 1149 3318 inter
1162 3254 1251 3319 Oxo·
1308 3254 1547 3335 conspirantem
1557 3249 1686 3312 citatum
1696 3272 1791 3336 snpra
1800 3255 2049 3338 Smyrnaeorum

505 3361 631 3426 niensis
650 3357 842 3432 cuxtttx„
865 3354 1037 3439 quodque,
1060 3377 1133 3418 cum
1158 3377 1251 3440 prae·
1307 3375 1438 3418 numum
1451 3373 1523 3414 cum
1536 3351 1731 3435 epigraphe:
1746 3349 1838 3420 ent.
1851 3351 2052 3442 CTPArtppa

460 3465 462 3472 ’
505 3484 580 3526 sene
601 3474 828 3542 argumentum
859 3456 978 3518 eximie
1006 3458 1172 3533 illustret,
1202 3471 1250 3520 to·
1306 3445 1919 3536 montoPottluNoucotltlss,
1941 3460 1977 3523 in
1999 3480 2051 3524 en·

506 3573 574 3628 tum
588 3563 653 3624 buc
667 3557 876 3622 referendum
893 3557 1013 3622 vuum:
1037 3555 1079 3618 Os
1094 3561 1248 3620 secema
1307 3554 1357 3637 jus
1374 3555 1476 3619 altera
1492 3554 1575 3617 facie
1593 3553 1752 3630 Severus,
1769 3555 1952 3640 Caracalla,
1971 3561 2052 3628 Geta

507 3665 732 3740 Amongoropse
752 3655 889 3734 Σευηρος
911 3679 960 3718 nus
984 3659 1165 3732 Aerursuoe
1185 3681 1251 3733 rosc
1308 3655 1461 3720 sedentes
1489 3668 1728 3740 proponuntur.
1770 3657 1843 3722 Alia'
1866 3659 1964 3745 hujus
1990 3663 2054 3730 ἁτε.

504 3759 698 3848 Emporon.
741 3760 783 3822 Es
801 3753 954 3831 Κλαυδιος
972 3753 1104 3838 Papius
1119 3757 1136 3820 i
1151 3763 1251 3820 estas·
1307 3761 1395 3831 λειας
1410 3759 1560 3843 exempla
1581 3755 1680 3821 offert
1695 3759 1914 3828 Philostratus
1936 3763 1971 3828 iu
1991 3767 2053 3832 sits

505 3885 562 3942 της
582 3861 678 3944 ipos,
699 3859 715 3922 o'
738 3853 794 3922 hro
813 3882 866 3932 ens
886 3879 1073 3938 προαιρεσιν,
1095 3857 1114 3938 si
1136 3879 1254 3936 euersos
1308 3859 1463 3921 Favorini
1481 3874 1515 3923 et
1532 3859 1739 3924 Heraclidae.

503 3967 554 4032 ὅπα
574 3958 717 4046 nucleae,
744 3965 794 4023 aeis
810 3982 861 4022 ros
881 3954 912 4021 r’s
931 3965 1040 4042 λοιγοις
1057 3981 1167 4046 συιεχη
1181 3967 1252 4040 lter,
1371 3963 1537 4024 Hactenus
1565 3959 1783 4045 sophistarum
1804 3965 1922 4030 merita
1944 3981 1978 4032 et
1998 3969 2054 4034 bo·

507 4091 560 4144 ens
595 4087 780 4148 steropen
813 4084 879 4136 τοις
910 4073 1054 4143 seorsus
1087 4087 1165 4123 aare
1195 4087 1254 4138 τας
1307 4081 1407 4127 nores
1434 4063 1645 4148 peregimus,
1674 4065 1738 4148 jam
1759 4081 1794 4131 et
1820 4067 1897 4134 vitis
1924 4085 1958 4134 et
1979 4093 2053 4136 con·

509 4169 596 4245 besue
614 4187 672 4231 ros
692 4187 844 4252 neruosus
863 4161 944 4247 sipon
969 4159 1128 4244 διαταξεις
1146 4163 1253 4228 ΑΤΕ-
1307 4177 1466 4249 temptum
1484 4155 1788 4232 commemoremus.
1828 4168 1962 4252 Operae
1982 4195 2053 4258 pre·

504 4265 655 4335 ΛΕῙΑΝ
671 4263 782 4331 ΤΩΝ
795 4261 1128 4330 ΛΕΙΤΟΤΡΓΙΩΝ
1142 4287 1251 4348 sagett-
1307 4267 1499 4351 timpum,
1519 4287 1559 4330 ex
1576 4266 1754 4331 Plutarcho
1771 4271 1989 4352 sophistarum
2005 4295 2054 4338 or·

504 4391 604 4454 pstor,
631 4367 712 4454 ipos
731 4365 819 4434 iosos
837 4364 945 4448 isson·
967 4391 1085 4454 oeupnp
1103 4376 1252 4448 agosone·
1308 4381 1374 4432 tum
1395 4368 1553 4452 primum,
1572 4367 1691 4431 deinde
1713 4383 1746 4431 et
1766 4369 1969 4452 aliquatenus
1982 4397 2053 4460 pro·

504 4493 615 4554 pnes,
647 4468 815 4552 ipss-sens
837 4491 1100 4554 sternutantes
1123 4493 1253 4554 congor
1308 4491 1458 4556 gressum
1482 4471 1624 4536 referre.
1665 4470 1778 4554 Agens
1797 4471 1916 4540 illesic
1936 4479 2054 4542 Moesi·

504 4567 710 4654 sarnunto
730 4575 868 4652 φιλτρον,
889 4593 942 4648 cns
959 4596 1018 4658 eyes
1037 4567 1082 4648 εἰς
1102 4597 1144 4636 ro
1166 4579 1251 4638 αλλα
1307 4573 1400 4659 philo
1424 4574 1474 4655 ¹),
1494 4567 1668 4658 suit'ltic,
1687 4571 1814 4654 inquit.
1841 4595 1908 4638 non
1933 4593 2054 4654 orotos,

538 4785 570 4862 a)
590 4779 621 4840 in
637 4775 839 4839 Themistocle
859 4797 924 4856 sep.
940 4791 969 4842 2.
