4444 5558
650 579 804 655 antt
838 579 1281 654 Annxannnrott.
1336 671 1341 686 ι
1692 597 1740 680 aa)

179 709 369 834 ‘refermm
394 749 550 827 utrinque
562 751 638 836 suu
656 750 859 832 serpentibus
878 751 939 811 inr-
995 759 1030 812 at
1060 745 1102 812 de
1130 767 1195 832 qno
1224 765 1300 812 mcx
1314 747 1355 810 in
1376 747 1483 816 numia
1505 747 1644 836 Augusti
1673 751 1741 834 egi·

189 849 304 931 plexu.
331 885 376 900 -
399 850 516 913 Pullus
541 861 646 914 stunc.
678 851 748 916 ΔΕ.
771 853 809 914 Π.
838 851 937 934 (hius.
995 869 1083 916 mus.

194 949 290 1016 Caes.
309 951 443 1016 hiorelli
461 953 567 1035 Impp.
584 950 729 1034 Stoech.)
1361 987 1382 1024 .
1557 1023 1572 1032 -

260 1053 504 1136 naptarum.
526 1047 791 1120 tercenta.
808 1045 946 1120 nnc.
1257 1033 1278 1072 ⁴
1465 1033 1486 1072 ⁴

194 1149 281 1215 MA.
323 1155 477 1218 Protome
504 1154 677 1220 muliebris
704 1157 813 1238 captae
839 1155 943 1237 spicis
1061 1157 1186 1218 Nomos
1199 1153 1313 1219 Liviae
1329 1167 1416 1234 tres,
1437 1155 1628 1240 inscriptos:
1652 1119 1745 1216 101*-

196 1268 333 1330 ornuto,
367 1267 402 1317 et
427 1257 529 1338 spicis
553 1273 597 1318 ec·
623 1257 700 1317 sinn
725 1257 943 1343 promicanti7
998 1251 1093 1320 AIA.
1113 1251 1379 1322 ΣΕΒΛΣΤΟΤ.
1400 1253 1745 1320 interAlesandrinos

196 1355 267 1416 brea.
290 1355 416 1418 AE.¹ll.
439 1357 539 1440 (idua.
559 1353 942 1432 Com.Vitnai,Moreili
998 1359 1112 1422 retulit
1145 1359 1265 1442 Zodga.
1321 1358 1402 1421 Cum
1438 1353 1545 1442 n'eqne
1585 1345 1745 1422 addantur

196 1457 316 1540 impp.)
1001 1460 1076 1523 anni
1104 1460 1255 1543 imperii,
1295 1473 1329 1523 et
1361 1459 1428 1544 typi
1462 1459 1680 1543 cornucopiae
1710 1469 1745 1522 et

259 1557 330 1619 Hos
344 1575 461 1620 numos
475 1571 602 1622 certum
618 1569 668 1622 ert
682 1557 864 1640 imperante
880 1557 946 1618 An·
1001 1561 1127 1646 aquilae
1158 1573 1281 1624 certam
1311 1561 1455 1645 Aegypti
1482 1573 1646 1625 monetam
1678 1579 1746 1624 non

199 1669 297 1742 gusto
325 1657 486 1742 signatos,
520 1659 595 1744 quia
615 1659 779 1722 auctiores
800 1657 945 1723 offerunt
1001 1675 1156 1745 arguant,
1184 1661 1314 1724 mallem
1338 1681 1395 1726 eos
1416 1666 1504 1726 inter
1523 1662 1669 1726 incertae
1695 1679 1747 1724 re·

200 1778 320 1837 annon,
351 1779 447 1842 quam
476 1771 513 1822 ot
543 1759 638 1823 alteri
659 1758 799 1842 principi
819 1757 946 1844 possint
1003 1763 1109 1848 gionia
1134 1783 1252 1826 numos
1274 1762 1416 1828 referre.
1451 1761 1605 1840 Accedit,
1630 1782 1748 1825 numos

200 1859 454 1924 adcommodari.
496 1861 589 1946 Ergo
624 1861 699 1944 jure
735 1873 830 1944 caput
867 1860 947 1924 anti·
1002 1865 1064 1928 hoa
1091 1884 1186 1928 cansa
1210 1865 1349 1928 nominis
1366 1865 1477 1927 Iuline
1494 1865 1675 1948 imperante
1693 1862 1749 1924 Ti·
1825 1856 1834 1864 ’

199 1979 259 2026 cae
288 1959 461 2026 inbuimur
487 1961 601 2026 Liviae
629 1963 769 2046 Augusti
802 1959 945 2045 conjugi.
1000 1965 1096 2030 herio
1116 1967 1270 2050 signatos.
1303 1966 1347 2028 Aa
1370 1964 1456 2028 enim
1481 1984 1543 2048 per
1565 1977 1667 2029 totum
1692 1965 1749 2025 hu·

199 2061 254 2126 De
268 2061 385 2125 horum
402 2061 567 2125 nonnullis
583 2061 724 2126 dnhitari
741 2063 870 2124 horeum
888 2081 946 2146 po·
1001 2068 1051 2151 jus
1069 2067 1261 2151 imperium,
1283 2087 1325 2130 ex
1344 2085 1409 2151 quo
1424 2066 1576 2130 nimirnm
1594 2067 1622 2129 is
1639 2067 1762 2148 Augu·¹

200 2173 289 2238 teat,
310 2175 417 2226 utrum
432 2163 648 2232 Alexandrini
667 2165 733 2228 aint
749 2163 883 2250 putendi
903 2181 946 2226 0¹
1003 2183 1070 2234 stus
1092 2167 1197 2232 dictus
1221 2180 1287 2246 est,
1314 2168 1395 2232 alios
1412 2166 1632 2231 Alexandriae
1652 2185 1750 2231 cuaoa

201 2263 326 2354 causis,
366 2285 444 2350 quaa
477 2265 511 2326 in
540 2275 671 2328 moneta
699 2265 946 2350 Anguatimoi
1002 2291 1068 2333 non
1089 2269 1375 2356 novimus,·quam
1397 2281 1590 2354 argenteon,
1619 2282 1749 2332 etcum

202 2365 539 2433 commemorarimua.
588 2365 803 2431 Alexandrini
827 2367 948 2430 'tamen
1004 2384 1172 2460 conspante
1191 2391 1305 2436 aversa
1324 2364 1460 2434 ΘΕΟΣ.
1480 2361 1749 2433 ΣΕΒΑΣΤΟΣ.

201 2467 286 2530 certi
303 2478 377 2529 aunt
395 2465 436 2544 ii,
457 2468 491 2529 in
512 2485 783 2562 qnorumareraa
798 2471 948 2538 ridemus
1004 2474 1125 2537 Mirum
1151 2492 1233 2556 ergo
1255 2471 1360 2548 foret,
1393 2471 1420 2535 ai
1439 2471 1472 2532 in
1488 2470 1569 2534 Iulia
1587 2483 1681 2556 typos
1698 2491 1753 2534 ra·

202 2567 379 2632 caniatnam
406 2566 555 2655 frugibus
582 2569 763 2650 refertam,
794 2573 950 2658 positum·
1004 2577 1130 2639 riarnnt
1144 2573 1375 2650 Alexandrini,
1404 2591 1463 2636 cnr
1478 2569 1570 2636 iatnd'
1581 2591 1648 2636 non
1666 2572 1752 2635 iace·

203 2691 269 2754 que
292 2669 380 2733 inter
406 2668 485 2734 duas
507 2669 614 2750 iaces,
640 2672 756 2756 quibus
777 2687 949 2760 serpentes
1005 2690 1081 2744 rent
1098 2675 1195 2742 etiam
1214 2676 1248 2739 in
1266 2674 1414 2740 Tiberio·

205 2769 437 2838 obvolvuntur.
480 2773 561 2834 Nam
593 2774 734 2856 primum
766 2775 821 2840 hic
853 2791 949 2861 typus

205 2871 324 2988 obrius
337 2883 388 2935 est
403 2871 436 2932 in
454 2873 554 2936 certia
568 2873 958 2994 Alexandriniauaeqnen—
1092 2915 1217 2985 ems
1240 2915 1413 2980 CAESAR
1434 2915 1607 3002 Agrippae
1630 2913 1672 2978 F.
1790 2913 1800 2939 l

203 2985 288 3036 trum
313 2983 560 3054 imperatorum.
597 2975 727 3060 Deinde
756 3000 830 3063 quta
856 2993 954 3062 typus

206 3072 262 3137 hic
284 3069 327 3136 ad
348 3071 506 3136 Cererem
529 3075 640 3159 utique
668 3077 830 3156 refertur,
860 3081 953 3163 cujus
1071 3076 1228 3144 ΓΛῙΟΣ.
1247 3077 1436 3146 ΚΑΙΣΑΡ.
1470 3085 1578 3164 Caput
1597 3079 1676 3142 Caii
1696 3099 1757 3140 nu·

206 3174 362 3260 proprius
384 3185 435 3238 eat
456 3175 602 3240 calathus
628 3175 788 3263 irngiier,
819 3192 889 3244 tum
917 3191 952 3244 et
1008 3181 1096 3244 dum.
1126 3175 1448 3246 ΞΣΕΒΛΣΤΟΣ.
1474 3182 1583 3263 Caput
1600 3179 1756 3262 Augusti

206 3277 298 3341 iaces
324 3288 359 3338 et
382 3290 564 3360 serpentes.
596 3279 639 3342 At
661 3292 841 3345 constater
859 3279 953 3345 acho·
1010 3283 1144 3346 nudum.
1165 3281 1235 3344 ΔΕ.
1249 3281 1290 3342 11.

205 3379 300 3442 liaate
322 3375 365 3441 ad
385 3378 576 3443 Callimachi
600 3379 711 3463 hymni
735 3382 767 3444 in
793 3381 954 3446 Cererem
1074 3381 1218 3445 Numam
1233 3383 1322 3444 hunc
1338 3381 1370 3442 in
1390 3381 1539 3462 catalogo
1556 3377 1662 3442 annaei
1677 3377 1757 3441 Cae-

205 3499 340 3546 versnm
367 3479 412 3558 L,
430 3479 672 3544 'Ptolemaeum
701 3481 955 3566 Philadelphum
1012 3485 1096 3548 narei
1115 3485 1203 3546 inter
1218 3483 1459 3547 Alexandrinos
1475 3479 1598 3560 locari,
1621 3479 1695 3565 qnia
1712 3477 1757 3543 ia·

207 3581 241 3642 in
265 3581 399 3644 Cereris
424 3581 585 3644 honorem
611 3584 875 3670 Thesmophoria
900 3605 955 3650 eo·
1011 3585 1135 3650 bricam
1154 3583 1253 3648 hahet
1269 3605 1312 3647 ex
1328 3585 1461 3668 ingenio
1481 3595 1631 3647 monetae
1648 3584 1756 3664 Aegy·

208 3681 284 3782 dem
303 3682 389 3758 ritu,
416 3702 482 3765 quo
497 3683 635 3749 Athenis
657 3694 770 3772 peragi
794 3687 954 3766 solebant,
1010 3689 1111 3774 ptiae.
1146 3689 1273 3756 Verum
1297 3705 1371 3750 cnm
1396 3685 1566 3750 criterium
1591 3683 1696 3761 istud,
1723 3693 1760 3746 nt

209 3783 429 3849 Alexandriae
453 3787 679 3865 constituisse,
704 3789 793 3853 inter
816 3809 956 3872 quorum
1013 3783 1111 3876 enpra
1132 3789 1262 3868 monui,
1286 3787 1384 3852 fallax
1405 3789 1463 3866 ait,
1488 3807 1555 3850 non
1578 3785 1679 3849 etiaim
1702 3804 1759 3848 ne·

209 3885 426 3951 caerimoniae
449 3885 512 3980 init
542 3889 639 3954 ctiam
666 3890 813 3956 solennis
838 3890 956 3956 calathi
1014 3911 1111 3978 gare,
1143 3891 1177 3954 in
1204 3891 1353 3976 quapiam
1376 3883 1605 3971 Phoeniciae,
1622 3887 1678 3953 val
1700 3887 1759 3948 Ps-

208 4007 401 4073 processus,
426 3989 469 4053 de
485 3993 552 4076 qno'
566 4011 659 4075 agam
678 3991 828 4076 pluribus
846 3993 881 4056 in
899 4013 959 4058 uu-
1014 3989 1174 4062 laeetinee
1191 3991 1275 4058 urhe
1291 3993 1437 4079 potuisse
1455 3989 1588 4076 signari.

211 4091 273 4154 mis
295 4089 445 4171 Traiani,
474 4112 614 4176 quornm
637 4113 719 4156 unns
745 4095 847 4179 ipsane
876 4095 959 4158 cala·

105 4241 110 4252 .
211 4191 261 4256 thi
281 4211 433 4278 pompam
455 4193 549 4260 sistit.
586 4195 720 4262 Constat
739 4214 822 4262 nero
846 4196 959 4274 etiam,
1193 4231 1368 4304 DRVSVS
1395 4231 1520 4298 mem·
1538 4229 1580 4298 ᾗ

211 4293 339 4360 Liviam
368 4294 402 4356 in
429 4294 656 4380 frequentibus
683 4299 789 4362 numia
817 4297 959 4382 imagine

213 4393 347 4460 Cereria
377 4393 546 4478 donatam,
579 4400 679 4487 eique
704 4400 775 4484 ejus
803 4398 885 4465 deae
915 4413 961 4465 at·
1083 4399 1192 4485 Caput
1209 4421 1368 4486 perquam
1384 4397 1539 4480 juvenile.
1573 4391 1662 4461 an.
1679 4388 1762 4464 ΛΘ.

213 4495 334 4560 tributa
367 4499 588 4579 commodata,
628 4515 665 4565 ut
699 4499 891 4586 docebimus
924 4501 960 4564 in
1016 4506 1110 4570 intra
1125 4523 1279 4565 cornuum
1297 4519 1463 4580 quercum.
1497 4498 1567 4560 ΑΕ.
1583 4500 1638 4562 111.
1660 4499 1760 4582 (Mne.

214 4599 287 4682 ejus
301 4599 428 4678 nomia,
455 4614 489 4663 et
507 4615 596 4684 patet
613 4603 711 4668 etiam
729 4625 771 4668 cx
792 4616 960 4690 postremo
1018 4587 1127 4684 Cana.)
1150 4603 1218 4666 ΔΕ.
1236 4605 1275 4666 11.
1299 4606 1398 4685 (llas.
1413 4602 1612 4679 Neomare.)

212 4699 269 4764 hic
286 4700 384 4766 citato
403 4721 477 4763 cnm
495 4716 573 4787 typo
589 4705 758 4784 Ευθηηας,
778 4711 962 4772 Abundan-
1080 4707 1221 4768 Nnmum
1254 4705 1341 4770 hunc
1372 4705 1471 4790 patrie
1500 4692 1628 4766 'I'iherii
1650 4699 1761 4780 ‚numia

215 4805 301 4876 tiue,
322 4802 379 4966 qrpi
389 4817 508 4966 pertua
527 4805 625 4870 etiam
646 4821 696 4873 est
710 4805 961 4890 Alexandrinus,
1018 4827 1223 4895 praeponere
1248 4807 1360 4888 libuit,
1387 4808 1460 4893 quia
1484 4807 1634 4968 zugnsto
1660 4802 1763 4884 impe·

277 4906 346 4982 (Vo
410 4907 467 4988 V.)
