4444 5558
495 505 542 581 06
608 535 612 546 ·
962 497 1112 572 otvttt
1145 495 1573 574 ALEXANDRINL

490 680 574 732 rent.
613 665 752 729 Noricio
780 664 843 729 boe
871 665 1018 730 instituto
1046 667 1233 731 confirmari
1280 633 1568 752 'stiqntdmndnm
1586 665 1718 740 scitum,
1737 661 1936 750 dignumque
1954 663 2039 729 offe·

488 781 578 852 putat
604 769 645 830 cl.
664 770 792 850 Zoiga,
822 766 909 849 quod
935 767 976 831 sle
1003 770 1102 833 Aelio
1126 769 1249 833 refert·
1287 781 1370 835 rant.
1393 771 1445 832 Eu
1461 768 1521 831 tibi
1538 787 1658 851 paucos
1678 768 1757 830 ltus:

488 869 696 952 Spartianus,
731 890 804 930 eum
833 868 992 950 peculiari
1015 870 1151 955 quadam
1181 895 1231 936 ra·
1349 873 1390 937 1..
1406 869 1483 938 ΚΑ.
1510 871 1640 934 Mulier
1658 871 1773 932 sedeas
1788 870 1825 930 irs
1844 869 1941 934 dorso
1961 869 2038 949 oapi·

486 972 576 1034 tioue
613 971 652 1032 ab
684 954 850 1032 Hadriano
889 970 988 1034 fuisse
1027 971 1229 1058 adoptatum,
1286 976 1449 1036 eurrersts's
1478 973 1509 1032 d.
1538 970 1774 1048 cornucoptne,
1811 989 1837 1030 s.
1865 969 2032 1040 baculum.

486 1094 553 1136 nou
573 1084 607 1134 nt
626 1071 800 1150 Traianum
825 1094 843 1134 a
866 1074 991 1150 Nerva,
1020 1076 1079 1136 sed
1098 1074 1173 1138 iere
1196 1089 1232 1138 ut
1289 1073 1358 1138 ΚΕ.
1376 1075 1402 1140 l.
1424 1071 1623 1156 (Theopoli,
1644 1067 1793 1150 Stoscb.)

487 1198 505 1238 a
524 1172 731 1236 Diocletiano
746 1173 973 1236 Constantinus
994 1186 1027 1236 et
1044 1175 1231 1253 Galerium,
1350 1176 1410 1237 Est
1427 1175 1509 1238 baec
1526 1170 1704 1235 indubitata
1719 1170 1797 1249 Isis,
1820 1189 1917 1254 quem
1938 1190 2032 1255 prse-

486 1290 583 1360 stque
626 1274 713 1334 hand
756 1272 852 1336 dubie
894 1275 1094 1340 Hadrianum
1133 1278 1231 1341 Aelio
1287 1275 1404 1360 grandi
1425 1295 1505 1340 eane
1526 1287 1791 1357 vecturussacpe
1814 1269 1958 1340 offerunt
1978 1293 2034 1338 ae·

485 1377 685 1442 Pannoniam
721 1376 767 1438 sic
801 1375 980 1459 regendam
1009 1377 1159 1457 dedisse,
1195 1394 1230 1443 ut
1285 1379 1342 1442 uei
1364 1377 1480 1441 minuti
1495 1375 1713 1440 Alexandriae
1737 1375 1919 1458 imperante
1937 1373 2033 1437 lulis·

486 1481 565 1543 alias
604 1476 734 1561 imperii
771 1478 953 1558 provinciae
986 1479 1228 1544 Diocletianum
1285 1498 1330 1542 uo
1352 1479 1470 1563 signati
1491 1493 1524 1543 et
1541 1477 1657 1543 Latine
1678 1476 1837 1559 inseripti.
1868 1475 1960 1540 Idem
1979 1495 2029 1538 ar·

486 1580 616 1644 adscitis
654 1578 855 1644 Caesaribus.
901 1579 976 1674 Quo
1013 1581 1155 1659 laetum,
1193 1595 1229 1646 ut
1285 1595 1474 1664 gementum
1488 1594 1543 1642 est
1559 1581 1656 1644 ctiam
1672 1577 2032 1669 iuuumisaeneisfls·

485 1683 635 1766 utrique,
664 1681 757 1746 velut
782 1679 1008 1760 αὐτοκρατορις,
1038 1706 1056 1746 a
1082 1684 1135 1746 die
1161 1685 1229 1748 eol·
1286 1681 1390 1745 siriani
1411 1695 1445 1746 et
1465 1682 1637 1744 Faustinae
1663 1701 1732 1746 sen.
1759 1680 1928 1743 commutis
1950 1678 2031 1742 item

483 1785 540 1846 lati
566 1783 719 1846 Caesarei
744 1783 848 1857 tituli,
869 1784 1045 1866 ,potcstatis
1070 1805 1147 1848 suae
1174 1806 1229 1848 au·
1284 1784 1472 1868 peregrini,
1487 1803 1568 1866 quos
1589 1801 1703 1846 omnes
1719 1779 1902 1846 recensebo
1919 1779 1954 1842 iu
1971 1800 2031 1852 uu-

483 1904 544 1948 nos
560 1885 729 1948 ducerent.
761 1883 828 1946 sad
849 1885 935 1947 enim
952 1887 1017 1968 jam
1033 1885 1172 1950 vidimus
1193 1887 1227 1947 iu
1285 1885 1347 1948 usis
1362 1885 1477 1948 loliani
1492 1884 1628 1952 Latinis.
1653 1882 1806 1966 -Gstalogi
1824 1881 1897 1946 fero
1917 1881 2031 1944 dicunt

483 1975 637 2061 Tiberio,
667 1985 762 2068 hujus
795 2005 924 2070 quoquo
953 1987 1059 2049 numia
1088 1987 1229 2051 Alexan·
1284 1987 1415 2071 lupum,
1440 1985 1529 2070 quod
1543 2005 1608 2068 ego
1623 2005 1753 2060 canem,
1779 1983 1901 2068 exiguo
1916 1980 2031 2046 ‹liseri-

484 2089 603 2164 slriuis,
626 2107 700 2150 cum
717 2087 835 2150 Caesar
857 2099 980 2151 tautum
1001 2086 1107 2152 adbuc
1130 2101 1227 2166 essct,
1284 2089 1393 2166 mine,
1425 2109 1499 2150 naus
1518 2089 1613 2170 lupus
1634 2085 1723 2150 aliud
1744 2107 1811 2149 uon
1834 2099 1906 2164 est,
1932 2105 2029 2169 quam

483 2210 549 2252 nou
570 2209 670 2251 anuos
687 2187 843 2269 Augusti,
867 2189 925 2251 sed
952 2209 1070 2266 anuos,
1095 2209 1137 2252 ex
1162 2209 1227 2272 quo
1283 2190 1371 2256 canis
1399 2188 1490 2253 ferus
1520 2200 1554 2250 et
1578 2185 1749 2254 silvestria.
1783 2189 1827 2250 As
1854 2185 2027 2272 oportebat

484 2289 632 2352 Caesaris
658 2308 779 2350 nomeu
804 2289 957 2353 Tiberius
980 2292 1051 2374 ipsc
1072 2289 1227 2368 obtinuit,
1282 2311 1398 2374 parare
1417 2310 1532 2355 cenem
1547 2288 1636 2354 mute
1651 2290 1882 2376 conopionem,
1900 2287 1956 2372 qui
1971 2287 2029 2350 tsi·

484 2391 585 2453 luisse
606 2389 757 2450 insertos.
788 2387 879 2480 Quae
897 2390 935 2452 sd
954 2392 1041 2455 Aelii
1058 2391 1227 2454 historiam
1282 2391 1359 2460 uem
1376 2391 1477 2458 dorso
1497 2404 1653 2476 gestaret.

483 2490 680 2574 pertinentia
702 2491 876 2573 inscriptus
898 2492 952 2554 hie
973 2513 1073 2556 annus
1093 2492 1225 2567 doceat,
1635 2559 1664 2598 ,Ι

481 2593 557 2654 ride
573 2594 608 2654 in
626 2591 720 2673 hujus
737 2593 883 2658 Caesaris
902 2606 1033 2660 moneta
1057 2594 1225 2660 commatis
1532 2609 1559 2646 ν·
1736 2603 1766 2643 ¹·

469 2694 630 2764 Rotnani.
1334 2698 1384 2759 'In
1399 2693 1439 2758 Γ.
1472 2699 1580 2781 Caput
1599 2695 1772 2779 Serapidis
1787 2696 1930 2760 humone
1948 2697 2028 2774 pedi

1280 2800 1371 2866 velut
1386 2799 1461 2864 onst
1476 2802 1678 2880 impositum.
1699 2797 1770 2864 ΔΕ.
1789 2795 1813 2859 l.
1837 2797 1989 2880 (zoega.)

1343 2899 1434 2963 Idam
1449 2913 1542 2984 typus
1557 2901 1591 2962 in
1604 2898 1731 2963 Aurelii
1744 2918 1874 2988 quoquc
1888 2899 2025 2962 ctGoas·

1267 3000 1371 3066 modi
1393 3001 1499 3067 numia
1519 3002 1668 3066 recurrit.
1701 3003 1738 3062 lu
1761 3021 1803 3068 eo
1817 2999 2023 3084 explicando

1279 3105 1424 3168 nondum
1441 3103 1669 3169 satisleceruut
1686 3101 1823 3178 cruditi,
1849 3123 1956 3187 neque
1979 3103 2022 3166 cl.

1279 3207 1391 3292 Zoigi
1413 3205 1454 3270 de
1478 3226 1518 3272 eo
1541 3227 1606 3268 non
1627 3223 1729 3284 pauca
1747 3203 1912 3272 disserens
1937 3203 2022 3270 ‹lesi-

1276 3305 1424 3376 sleratsm
1441 3309 1550 3374 lucem
1567 3305 1673 3371 attulit
1692 3307 1732 3390 Ι).

658 3061 661 3068 1
706 2963 996 3034 aNTlNOVS.

543 3150 649 3232 Hujus
671 3170 788 3213 numos
810 3149 1050 3215 Alexandrinos
1072 3171 1224 3217 recense-

478 3253 541 3330 bo,
565 3267 598 3316 ct
621 3254 791 3336 explicabo
814 3252 848 3315 in
871 3255 978 3318 nuruis
1000 3255 1223 3338 Augustorum

480 3355 647 3446 commutis
661 3353 811 3422 Romani.

614 3607 925 3676 ANTONINVS
953 3609 1082 3680 PlVS.

1383 3664 1487 3729 Nunti
1506 3665 1733 3748 mythologice
1755 3665 1917 3732 Graecos.

541 3791 641 3860 Nullo
663 3795 727 3857 alio
742 3795 923 3878 imperante
940 3795 1029 3858 numi
1049 3796 1151 3880 magis
1166 3815 1220 3862 co·

400 3961 412 3974 .
477 3897 580 3982 niori.
606 3912 640 3960 et
663 3896 765 3981 magn
789 3895 986 3962 varinuihns
1008 3899 1091 3983 oris
1116 3898 1221 3982 iens·
1331 3919 1585 3988 uuucvnus.
1620 3872 1802 4003 pterosque
1831 3920 1903 4004 aja.
1929 3919 2018 3988 uso

477 4001 513 4062 ¹5·
554 4001 621 4062 ¹⁸:⁰⁸
648 4019 778 4061 mlum
802 3997 928 4090 lilim>t
954 4000 1109 4068 ⁰¹⁰⁸⁸5b¹²⁵
1125 4021 1219 4068 Μ·
1274 4039 1331 4085 res
1359 4023 1393 4085 in
1421 4023 1532 4087 aencis
1553 4023 1577 4086 l.
1598 4021 1725 4086 formae
1753 4021 1938 4108 propositos
1965 4043 2019 4088 re·

474 4099 658 4185 Plehfflbffl
1273 4123 1394 4207 perias.

1335 4225 1377 4288 1..
1396 4222 1434 4288 Δ.
1470 4225 1630 4290 Hercules
1657 4227 1765 4290 nudus
1786 4184 1962 4292 decurrere
1984 4229 2018 4292 d.

559 4339 664 4406 Νωηι·
684 4343 908 4428 mythologtae
932 4346 1133 4428 Aegyprtac,
1276 4340 1365 4391 terret
1381 4329 1538 4390 cornibus
1556 4328 1639 4409 juga
1659 4329 1774 4407 boum,
1800 4349 1828 4396 s.
1841 4327 1971 4394 clevum
1985 4342 2021 4392 et

1275 4430 1384 4513 spolio
1400 4430 1516 4490 leonis.
1538 4427 1608 4492 ΔΕ.
1625 4431 1650 4494 1.
1672 4431 1833 4516 (tnenp.)

527 4531 662 4594 Paucos
692 4528 788 4610 hujus
819 4529 952 4613 generis
979 4530 1131 4613 reperio,
1163 4532 1219 4616 qui
1339 4531 1390 4593 Eu
1406 4529 1537 4596 abactor
1555 4529 1716 4615 Geryonis
1733 4533 1845 4600 bores.

497 4737 541 4808 ,al
561 4743 704 4810 papest-
