4358 5556
534 557 606 628 224
1175 531 1373 607 Onl‘l'l'
1406 533 1434 610 l.

537 714 578 798 tis
597 710 761 796 sophistae
776 721 902 794 petrem
918 707 967 788 ι),
989 717 1085 790 atque
1101 715 1138 770 ut
1153 715 1282 786 prsete-
1335 723 1410 767 runs
1433 715 1583 768 monetae
1606 699 1752 784 ‹labere;
1781 715 1813 766 at
1836 719 1966 770 constat
1989 710 2089 772 etiam

537 837 596 880 rea
620 815 712 878 numi
735 811 927 886 enunciant,
956 805 1059 892 putria
1080 804 1177 868 simul
1198 806 1282 868 Leo·
1335 825 1380 869 ex
1397 805 1597 870 Philostrato
1612 804 1644 890 b)
1665 805 1834 888 Smyrnam
1857 827 1939 890 prae
1964 815 2090 876 ceteris

538 889 727 990 nicensem,
752 913 848 976 simul
865 911 1095 991 Smyrnaeum,
1118 904 1206 993 quod
1225 925 1280 971 en·
1337 905 1520 972 cititetihua
1560 908 1778 990 sophistarum
1813 910 1918 974 hlnsis
1963 912 2089 978 litasse.

540 1019 731 1103 plicarimus
758 1015 792 1074 in
818 1023 948 1074 moneta
973 1009 1157 1074 Laodiceae
1178 1008 1282 1092 Phry·
1337 1009 1489 1095 Denique
1507 1028 1645 1074 necesse
1659 1029 1725 1073 non
1744 1022 1823 1094 puto
1843 1032 2005 1094 monere,
2029 1019 2087 1080 hos

540 1123 621 1202 gine.
666 1119 717 1180 De
736 1113 870 1178 Claudio
887 1107 1006 1174 Ruiino
1025 1127 1124 1196 supra
1142 1110 1278 1194 egimus.
1310 1109 1425 1174 -rircs
1455 1130 1658 1194 nequequam
1686 1113 1798 1174 nornis
1824 1112 1960 1191 illatus,
1998 1119 2086 1200 quod

538 1219 671 1303 Reliqui
696 1217 802 1278 minus
825 1227 917 1287 extra
939 1232 1060 1276 numos·
1080 1211 1223 1295 cogniti,
1246 1223 1282 1272 nt
1338 1210 1501 1294 sophistae
1517 1223 1667 1288 -eeaant‚·
1688 1211 1746 1274 sed
1774 1215 1862 1297 quod
1883 1229 2023 1297 praeter
2040 1241 2087 1281 so-

538 1321 616 1382 alias
635 1318 786 1380 diximus.
830 1315 1080 1378 Observandum
1098 1323 1281 1398 praeterea,
1337 1313 1516 1396 phistarnm
1532 1311 1731 1390 institutum,
1754 1314 1808 1376 cui
1827 1334 1901 1380 aeae
1918 1321 2086 1403 applicue—

540 1422 716 1506 plerusque
745 1417 804 1481 hus
830 1417 988 1502 sophistas
1010 1437 1072 1484 nos
1089 1417 1283 1500 Smyrnaeu-
1337 1435 1394 1492 re,
1416 1413 1505 1478 urbia
1522 1414 1726 1500 magistratus
1747 1415 1892 1485 herent.

1089 1953 1533 2144 secutori

737 2255 743 2270 '
880 2271 1399 2339 nactaunnuvs
1447 2269 1737 2339 nonnul.

1274 2675 1303 2764 q.
1326 2679 1353 2742 1.

716 2916 805 2986 DE
864 2911 1325 2987 ORDlNl'BVS
1368 2901 1910 2992 'ROMA-Nortvttu

596 3267 636 3308 uo
664 3248 793 3311 nomine
827 3246 977 3330 intelligo
1003 3260 1149 3310 senatum
1181 3264 1282 3328 pupu-
1339 3241 1435 3319 urbs,
1459 3257 1493 3305 et
1513 3241 1641 3308 divinae
1663 3244 1786 3310 credita
1809 3251 2004 3334 prosapiae,
2025 3273 2084 3335 per

541 3349 674 3432 lumque
692 3351 890 3427 Romanum,
913 3363 980 3411 tum
999 3361 1032 3410 et
1049 3347 1209 3432 equestris
1231 3366 1283 3407 or·
1340 3365 1453 3407 omnes
1470 3345 1600 3430 imperii
1616 3348 1797 3428 provinciae
1815 3352 1879 3412 aris
1897 3373 1936 3414 ac
1953 3355 2084 3438 templis

543 3447 625 3512 dinis
649 3454 736 3514 viros
761 3453 793 3513 in
817 3448 1070 3534 provincialibus
1088 3449 1194 3510 numia
1216 3468 1284 3513 mc·
1340 3448 1450 3529 coepit
1470 3447 1647 3514 observari.
1691 3451 1756 3513 Par
1780 3451 1876 3514 etiam
1901 3453 2012 3516 honor
2031 3457 2086 3518 tri·

542 3565 695 3614 moratos.
921 3627 926 3638 ἱ
1298 3568 1303 3592 ⁴
1339 3549 1435 3610 butus
1457 3550 1582 3612 senatui
1604 3552 1790 3636 populoque
1812 3556 1981 3632 Romano,
2006 3579 2084 3641 quo-

604 3654 748 3714 Pronum
777 3664 868 3726 erat,
897 3651 1033 3711 Romam
1064 3649 1151 3712 orbis
1181 3648 1284 3712 domi-
1339 3673 1412 3714 rum
1438 3653 1561 3714 mentio
1586 3652 1619 3714 in
1640 3641 1824 3718 exterarum
1850 3659 1997 3742 gentium
2020 3681 2085 3726 mo·

543 3776 615 3816 nam
638 3756 708 3817 sire
731 3773 824 3815 cauea
845 3751 1012 3834 obsequii,
1034 3751 1104 3816 eive
1123 3765 1283 3814 aseentau·
1339 3767 1414 3816 neta
1432 3755 1495 3816 hoc
1515 3753 1614 3816 modo
1634 3757 1809 3840 peragitur.

544 3858 577 3918 di
599 3854 706 3920 studio
725 3855 757 3916 in
778 3855 884 3916 numia
905 3852 1124 3934 subjectorum
1147 3855 1285 3937 populo·
1384 3851 2087 3934 cTNKAHT00.retlePA.c'rNKAH·

542 3981 614 4023 rum
632 3969 857 4042 argumentum
876 3953 975 4018 fnisse
996 3974 1062 4017 non
1081 3953 1281 4042 infrequens.
1342 3955 1442 4022 Toc.
1467 3957 1522 4020 tel
1551 3952 1705 4024 lePaN.
1733 3957 2004 4032 CTKAHTON.
2034 3969 2086 4031 rel

544 4064 587 4125 Et
611 4071 770 4124 testantur
790 4056 877 4118 istud
897 4058 987 4120 numi
1008 4077 1126 4140 magno
1147 4079 1287 4134 numero
1343 4055 1479 4124 ΘΕΟΝ.
1499 4055 1801 4125 CTNKAHTON.
1832 4064 1992 4145 Senatus,
2012 4091 2086 4134 sorr·

544 4161 753 4248 superstites,
778 4159 926 4244 inscripti
943 4155 1089 4221 ΡΩΜΗ
1108 4163 1162 4224 vel
1179 4159 1283 4223 ΘΕΑ.
1341 4175 1584 4239 caussaretur,
1603 4165 1683 4224 deus
1699 4177 1845 4251 senatus.
1869 4167 2022 4254 Pingitur
2038 4195 2087 4238 ea·

545 4261 711 4340 PttMH,
732 4263 805 4340 tel,
828 4275 864 4325 nt
885 4262 1007 4345 legitur
1024 4263 1056 4322 iu
1073 4263 1178 4324 nornis
1196 4264 1285 4326 colo·
1341 4263 1409 4347 pite
1427 4255 1562 4347 juvenili
1577 4263 1680 4342 nude,
1701 4265 1752 4328 vel
1769 4267 1935 4348 laureato,
1954 4276 2007 4336 rel
2024 4277 2087 4340 dia·

434 4383 437 4396 ·
544 4370 615 4432 niae
628 4359 777 4431 Corinthi
791 4385 799 4428 t
815 4363 984 4428 ROMAE.
1000 4367 1068 4426 ΕΤ.
1086 4367 1283 4442 IMPERIO,
1341 4365 1486 4442 domato,
1509 4382 1541 4430 at
1556 4366 1661 4450 capite
1681 4369 1833 4432 muliebri
1849 4373 1960 4438 velato
1976 4377 2010 4440 in
2030 4369 2087 4442 nn·

544 4467 1284 4554 cumejusprotom,antetantisecrlentiare
1342 4471 1403 4532 mis
1425 4471 1530 4553 Nysae
1553 4471 1677 4533 Cariae.
1737 4475 1773 4534 in
1795 4493 1894 4536 numu
1918 4477 2085 4562 Cydoniae

545 4573 675 4660 effigie,
696 4572 873 4660 praecipue
895 4589 937 4632 ex
955 4590 1019 4655 quo
1037 4570 1180 4634 miranda
1204 4573 1284 4636 haec
1342 4573 1460 4636 Cretae
1480 4587 1576 4658 caput
1596 4571 1763 4636 herbatum
1780 4577 1932 4644 velatum.

580 4783 610 4852 n)
631 4780 660 4836 in
679 4776 737 4834 vita
752 4771 962 4836 hermocrate.
1035 4775 1116 4844 h)·in
1136 4777 1193 4834 uita
1211 4777 1386 4836 llcrnclidis.
