4338 5554
596 567 672 640 on
703 563 1230 644 namaraarrnvs.
1606 587 1678 670 22⁹

132 735 300 800 commatis
319 735 469 802 Romani.
513 735 627 800 Solum
646 734 733 798 istud
750 735 814 800 boe
829 738 879 801 lo·
996 735 1125 800 bilbilis
1149 739 1423 802 Tarraconensiss
1446 743 1500 805 tt.
1524 737 1681 804 CAESA·

131 857 171 902 oo
187 857 374 918 monemus,
389 837 709 922 nnmosinacriptos:
729 835 877 902 HAOT·
931 837 1003 904 RE.
1028 841 1068 906 V·
1082 839 1125 900 ·L.
1148 838 1297 906 anuto.
1320 841 1493 908 saletto,
1516 843 1611 908 COS.

130 938 271 1018 Cim,
300 939 333 1004 ri
357 940 447 1024 eujus
469 939 590 1004 eruditi
610 959 675 1004 non
697 939 792 1024 pauci
811 938 877 1004 Aa·
996 939 1081 1007 Vide
1110 941 1152 1004 de
1173 941 1330 1024 singulari
1360 941 1423 1006 boc
1445 964 1545 1007 numo
1567 965 1678 1010 mone·

131 1055 261 1126 gustum
284 1039 413 1104 Plnsiue
437 1043 491 1105 rel
512 1041 641 1106 Platiae
664 1043 797 1106 Siciliae
820 1061 877 1124 op·
932 1053 996 1104 um
1014 1041 1140 1106 Tiberii
1159 1043 1200 1108 ad
1220 1065 1337 1107 annum
1354 1045 1394 1114 V.
1408 1046 1444 1110 C.
1461 1046 1535 1124 764.

129 1143 199 1228 pidi
216 1143 385 1208 consulem
403 1141 560 1220 edixere,
583 1167 601 1208 a
623 1165 675 1208 me
698 1143 730 1206 in
754 1145 804 1230 jus
820 1162 878 1211 vo·
995 1143 1234 1210 Hadrumetum
1254 1147 1463 1230 Byzacenes:
1485 1147 1583 1211 APR.
1604 1147 1673 1210 ΕΔ.

131 1243 199 1308 csri
224 1245 259 1306 in
284 1253 413 1309 moneta
440 1245 559 1308 Temni
581 1243 752 1321 Aeolidis,
779 1265 877 1334 quor·
932 1243 1038 1311 Max.
1091 1245 1187 1318 008.
1239 1245 1425 1316 mocon
1465 1247 1537 1318 Vn.
1587 1249 1676 1320 Vnt.

129 1367 201 1412 suut
225 1365 343 1412 revera
361 1346 540 1430 pertinent.
583 1347 793 1411 Consulstum
811 1345 878 1432 pri·
933 1345 1095 1414 EPVLO.
1191 1375 1194 1387 ·

127 1459 275 1510 vatorum
296 1445 378 1511 dnae
399 1459 546 1530 tantum,
569 1447 656 1534 quod
674 1449 801 1528 norim,
823 1469 878 1512 nr·
996 1446 1083 1517 Vide
1099 1467 1216 1514 numos
1232 1447 1328 1532 buius
1346 1445 1445 1518 urbis.

128 1548 189 1614 bea
210 1548 432 1634 inscripserat

847 2097 878 2186 p.
905 2099 960 2164 111.

226 2301 306 2374 DE
339 2299 922 2390 PROCONSVLIBVS,
961 2299 1574 2395 PROPRAETORIBVS,

517 2501 814 2592 bucam,
849 2501 1284 2578 PRAESIDIBVS.

125 2825 197 2936 En
227 2871 287 2936 tibi
315 2871 453 2958 amplam
482 2871 668 2956 disputandi
688 2874 870 2952 materiem,
926 2875 1066 2959 jungere
1086 2893 1201 2937 numos
1224 2875 1390 2939 commatis
1408 2874 1567 2952 Romani,
1589 2894 1671 2960 quae

125 2993 265 3058 eamque
280 2973 446 3040 occlusam
461 2971 633 3036 admodum
654 2986 750 3058 atque
765 2975 872 3040 incer·
927 2977 1033 3053 ratio,
1062 2977 1123 3039 etsi
1140 2989 1274 3058 praeter
1296 2978 1405 3059 operia
1421 2978 1525 3041 nostri
1547 2977 1673 3040 institu-

126 3087 210 3151 tam,
233 3094 307 3138 eum
327 3077 428 3154 baec,
455 3095 537 3160 quae
559 3075 785 3158 praefiximus,
807 3097 872 3140 ms·
926 3089 996 3140 tum
1026 3089 1099 3156 eat,
1124 3071 1234 3140 'efficit
1267 3090 1395 3154 tamen,
1432 3091 1467 3139 ut
1497 3096 1671 3141 commune

126 3175 871 3262 gistrstuumvocabuladifferrequideminter
925 3191 1155 3260 argumentum
1188 3197 1254 3238 non
1285 3169 1385 3260 oog'ar
1413 3175 1483 3252 bis,
1520 3197 1557 3240 ac
1588 3177 1671 3242 locis

125 3299 162 3344 se
185 3277 377 3354 rideantur,
404 3292 441 3340 ut
470 3263 628 3342 differunt
658 3277 775 3357 etiam,
804 3299 871 3341 non
926 3277 1363 3364 disjunctissimia.tractare.
1408 3276 1597 3358 Separsndo
1625 3292 1672 3343 ta·

124 3395 235 3446 tamen
250 3379 314 3458 sio,
332 3393 445 3444 utnon
461 3391 558 3464 saepe
572 3401 672 3442 unum
688 3401 749 3465 pro
764 3379 870 3443 altero
926 3403 1004 3445 men
1021 3395 1168 3466 tempora
1190 3379 1333 3456 obtinui,
1354 3391 1390 3441 nt
1410 3377 1547 3442 ferenda
1564 3379 1672 3446 vides·

123 3485 193 3550 sive
225 3483 417 3560 arbitraria,
447 3482 517 3547 sive
547 3502 589 3545 ex
619 3501 713 3545 causa
743 3483 870 3546 incerta
926 3493 980 3548 tur
1000 3483 1082 3548 baec
1103 3482 1310 3568 perversitas.
1341 3479 1549 3544 Praecedens
1570 3481 1669 3561 enim,

122 3599 314 3672 poneretur.
357 3585 514 3647 Dabimus
532 3603 687 3669 opernm,
708 3599 743 3647 ut
760 3585 794 3646 in
815 3605 869 3648 ex·
925 3587 982 3651 ubi
998 3587 1068 3670 ejus
1084 3585 1212 3650 occasio
1228 3583 1305 3661 luit,
1324 3581 1414 3646 numi
1431 3581 1549 3666 signati
1562 3599 1667 3650 stante

122 3687 275 3780 plicando
296 3688 415 3750 borum
436 3683 605 3750 titulorum
627 3709 688 3750 asa
709 3707 747 3751 so
776 3698 869 3769 pote·
924 3687 1093 3774 republica
1110 3689 1352 3762 Romanorum,
1375 3698 1409 3749 et
1429 3707 1531 3772 usqne
1551 3687 1593 3750 sd
1613 3707 1668 3751 sn·

122 3803 205 3853 state
220 3809 294 3853 oum
310 3788 470 3854 brevitate
488 3791 721 3884 conjungamus
742 3789 870 3854 clarita·
924 3813 1001 3854 num
1018 3791 1058 3860 V.
1071 3789 1107 3854 C.
1123 3807 1217 3873 727„
1239 3786 1441 3874 quiquidem
1459 3809 1560 3852 annus
1577 3790 1668 3854 velat

122 3907 210 3970 tem,
232 3890 319 3974 quod
336 3905 508 3976 utromque
525 3891 667 3955 obtineri
683 3911 779 3976 posse
795 3909 867 3976 spe·
924 3895 1023 3959 cardo
1039 3891 1168 3978 qnidam
1185 3903 1251 3968 est,
1272 3889 1306 3952 in
1322 3909 1387 3976 quo
1405 3901 1496 3954 vetus
1511 3891 1596 3954 ratio
1611 3891 1667 3959 de·

123 4015 231 4058 marus
252 3991 392 4056 adbibita
411 4007 594 4076 opportune
611 4015 684 4058 cam
700 3995 867 4073 materiae,
923 3997 1024 4072 sinit,¹
1038 4008 1072 4058 et
1088 3992 1174 4056 unde
1193 4014 1276 4060 nors
1291 3993 1461 4080 procedit,
1483 3992 1571 4078 quod
1589 4015 1667 4080 cop·

123 4112 192 4161 tum
206 4110 390 4178 temporum
409 4091 645 4162 distributione.
923 4097 1014 4162 tiano
1032 4095 1166 4180 patebit.

186 4195 427 4260 Praemittimns
443 4197 607 4282 triplicem
624 4218 798 4264 nnmerum
816 4219 868 4264 ca·
985 4199 1140 4264 Ceterum
1155 4199 1219 4262 boc
1236 4197 1311 4262 loco
1327 4213 1429 4281 agere
1445 4217 1511 4260 non
1528 4197 1666 4288 institui·

124 4300 282 4386 talogum,
298 4319 436 4384 quorum
451 4299 542 4384 prior
556 4303 785 4386 complectitur
800 4321 867 4366 sne·
924 4323 994 4366 mus
1017 4301 1059 4365 de
1080 4301 1158 4366 viris
1179 4299 1258 4383 ipris
1280 4297 1469 4384 magistratu
1497 4298 1664 4383 praeditis,

125 4416 268 4468 moratos
285 4402 318 4463 in
335 4401 385 4464 bis
400 4403 614 4482 proconsules
630 4418 663 4468 et
678 4419 867 4488 propraeto·
924 4425 1062 4490 quorum
1078 4403 1259 4479 lortunsm,
1279 4402 1308 4464 si
1328 4421 1390 4484 qua
1407 4416 1575 4484 comperta
1592 4403 1662 4481 luit,

124 4530 194 4583 res,
223 4505 308 4568 alter
328 4503 476 4588 legatos,
504 4517 539 4566 ct
568 4505 697 4588 legatos
714 4527 868 4588 proprae-
923 4526 1111 4571 enarramus
1124 4505 1192 4568 sire
1206 4506 1239 4565 in
1251 4503 1356 4566 numia
1368 4502 1579 4580 familiarum,
1594 4505 1662 4569 sive

124 4621 214 4686 tore,
234 4607 352 4688 teptius
372 4608 560 4684 praesides,
582 4604 686 4670 dictos
707 4609 740 4672 in
761 4609 867 4672 nnmis
923 4609 957 4673 in
980 4621 1109 4672 moneta
1131 4605 1330 4689 singularum
1352 4603 1480 4668 urbium
1503 4620 1537 4670 et
1556 4608 1666 4692 regio-
1733 4669 1738 4678 ,

122 4708 285 4792 incapaces.
325 4705 454 4770 Placuit
480 4721 673 4790 praeterea,
708 4730 781 4774 cum
808 4733 867 4774 nn·
923 4732 1021 4790 num,
1050 4729 1133 4796 qnae
1162 4709 1223 4774 hos
1246 4708 1447 4794 magistratus
1469 4709 1574 4773 nemis
1598 4709 1664 4772 suis

123 4813 183 4876 mis
202 4809 347 4876 externis
366 4809 492 4874 urbium
512 4811 774 4898 populorumque
791 4835 866 4879 ceu·
922 4815 1131 4897 inscripsere.
