4468 5568
400 587 403 594 ·
494 578 571 696 mc
962 679 967 682 ,
1120 569 1421 646 csevrvr.
1505 629 1508 636 .

500 765 588 807 nsum
611 743 772 808 crinitas
801 746 917 807 rhetor
945 743 980 804 in
1007 740 1156 805 oratione
1177 759 1243 818 ntes
1302 759 1382 809 scs„
1410 738 1566 822 Ateujus
1591 752 1745 816 naturae,
1767 739 1949 823 interrogat
1975 757 2050 804 cra·

496 847 638 927 ὲμοιοιας
654 869 723 922 ταις
742 852 886 922 nebron,
909 866 991 928 quae
1008 857 1111 907 exstat
1128 843 1161 904 in
1175 839 1244 904 edi·
1302 853 1372 916 ter,
1401 854 1450 903 est
1472 842 1526 904 hic
1547 841 1721 925 primatus,
1744 861 1806 924 pro
1828 861 1893 926 quo
1916 841 2049 906 dimica·

498 949 588 1010 tione
617 947 769 1010 lobbiana
793 948 942 1009 TomoL
979 948 1123 1028 ptem,
1158 944 1244 1004 alter
1300 941 1369 1004 tis?
1390 963 1429 1004 an
1450 963 1524 1019 res,
1554 956 1589 1004 et
1611 962 1725 1009 verum
1750 942 1897 1021 bonum,
1927 959 1961 1009 et
1982 965 2052 1008 nen

406 1055 410 1064 '
499 1049 564 1110 Dio
598 1046 872 1129 chrysostomus,
913 1048 968 1130 qui
1006 1048 1040 1107 in
1083 1045 1244 1120 oratione,
1300 1043 1545 1127 potiusnomen
1561 1044 1680 1108 inauel
1698 1078 1741 1095 ··
1761 1042 1944 1108 Gesserunt
1961 1045 2051 1110 belis

501 1168 583 1230 quae
613 1161 671 1212 est·
693 1167 833 1210 numero
860 1147 1057 1223 xxxviii,
1102 1147 1245 1228 ineptam
1302 1144 1542 1222 Athenienses,
1563 1158 1599 1207 ut
1621 1144 1740 1207 tributa
1766 1145 1807 1208 ab
1829 1146 1946 1211 insulis
1966 1149 2053 1212 acci·

501 1247 790 1311 Nicomedensium
818 1261 851 1312 et
872 1249 1102 1312 Nicaeensium
1129 1247 1165 1307 in
1195 1266 1246 1309 ca·
1302 1258 1439 1328 posent,
1462 1244 1503 1307 de
1525 1246 1669 1308 omnium
1693 1246 1819 1329 juribus
1841 1247 1928 1330 apud
1946 1270 1982 1312 se
2004 1247 2054 1310 di·

500 1347 628 1433 ptaudis
655 1349 759 1412 titulis
788 1349 996 1413 ambitionem
1018 1345 1244 1432 reprehendit,
1303 1359 1506 1430 sceptus-eut,
1522 1346 1648 1410 verbus
1661 1346 1702 1407 de
1720 1367 1827 1430 regno
1843 1347 1909 1410 illis
1924 1349 2052 1416 bellum

501 1449 585 1513 adde
609 1451 789 1516 orationem
810 1453 977 1528 XXXlV.,
999 1451 1040 1514 ad
1065 1453 1245 1512 Tarsenses
1303 1446 1375 1510 init.
1412 1447 1480 1510 Sed
1496 1457 1584 1524 esto,
1605 1447 1805 1512 Nicaeenses
1822 1451 2053 1532 spontancbis

269 1626 273 1635 Ι
357 1543 367 1560 ‘
500 1552 653 1630 alteram,
676 1555 793 1616 tertius
813 1553 1034 1616 Philostratus
1052 1551 1086 1612 in
1102 1549 1247 1615 sital’o·
1304 1549 1476 1633 primatum
1496 1546 1643 1623 cedere,
1665 1569 1705 1610 su
1731 1563 1908 1633 propterea
1929 1550 2053 1616 tribute

499 1654 641 1716 hemonis
664 1655 848 1737 sophistae,
869 1668 903 1717 ot
920 1655 1035 1719 sisere
1055 1651 1090 1713 bi
1113 1649 1246 1734 quidem
1304 1647 1544 1731 percipiemus,
1581 1668 1664 1733 quac
1695 1649 1881 1732 percipiunt
1906 1651 1978 1716 iltis
2008 1673 2052 1716 au

499 1776 539 1818 sa
577 1766 704 1830 aetate,
744 1774 806 1838 qua
834 1755 932 1817 Asiae
958 1752 1106 1814 minoris
1145 1749 1246 1814 urbes
1303 1749 1403 1814 urbes
1429 1749 1469 1813 sh
1498 1769 1612 1812 eorum
1641 1748 1767 1830 juribus
1797 1751 1980 1834 pendentes
2008 1752 2054 1816 sd

501 1856 644 1918 atrocius
660 1874 754 1936 quam
770 1853 851 1932 'alias
872 1854 1034 1916 honorum
1057 1853 1180 1914 insania
1201 1851 1247 1914 la·
1302 1871 1365 1914 nos
1411 1851 1625 1916 vocabimus?
1677 1871 1718 1914 su
1761 1854 1967 1936 magistratus
2009 1854 2052 1918 iis

498 1956 677 2032 horahaut,
705 1969 740 2018 ot
759 1955 821 2017 fuit
845 1967 1017 2036 praeterea
1038 1954 1108 2028 illis¹
1126 1973 1245 2037 propo·
1301 1949 1560 2037 praeficiemusll
1598 1949 1676 2036 quid
1716 1949 1811 2036 nobis
1849 1952 1926 2018 inde
1958 1937 2053 2018 acde-

501 2058 622 2135 situm,
647 2056 783 2119 nimium
805 2055 970 2120 civitatum
991 2056 1025 2116 in
1048 2055 1110 2118 hos
1134 2054 1244 2117 titulos
1303 2055 1399 2116 deret
1420 2051 1583 2135 amplius?
1605 2085 1619 2100 -
1638 2085 1653 2100 ·
1687 2053 1755 2116 Nos
1777 2072 1859 2116 vero
1888 2056 2054 2122 existima·

501 2158 666 2222 adiectum
693 2156 874 2221 refrenare.
917 2157 1021 2219 Recte
1043 2155 1144 2238 igitur
1171 2174 1247 2216 cen·
1302 2176 1400 2226 mus,
1439 2152 1467 2216 si
1505 2151 1604 2216 modo
1641 2153 1738 2235 primi
1775 2153 1946 2235 dicamur,
1983 2159 2051 2241 jam

502 2279 599 2324 suere
614 2261 840 2322 Buousrrotus
859 2263 997 2342 esmq'uc
1015 2257 1246 2321 secutushdaa·
1303 2255 1400 2318 ctiam
1420 2251 1542 2318 hebere
1559 2254 1744 2338 primatum.
1789 2254 1966 2346 Quisnam,
1986 2261 2051 2326 viri

501 2361 658 2438 solenus,
690 2373 827 2443 psopter
850 2379 963 2422 esusns
983 2371 1178 2420 memoratas
1206 2353 1245 2417 ah
1303 2353 1584 2432 Nicomedenses,
1615 2355 1667 2418 hic
1697 2370 1747 2419 est
1778 2359 1961 2438 primatus?
1992 2361 2054 2426 ite-

494 2464 552 2524 .lsis
587 2461 659 2522 unis
684 2479 803 2524 vernus
827 2459 982 2541 primatus
1012 2479 1142 2522 sensum
1173 2476 1246 2520 esse
1304 2477 1378 2520 rum
1407 2473 1464 2520 vos
1493 2469 1589 2539 atque
1618 2457 1752 2521 tertium
1782 2461 1936 2542 appello,
1967 2483 2053 2547 quae

497 2561 703 2637 ¹eruendum,
733 2558 851 2622 etsist
872 2559 906 2621 hi
923 2560 1045 2637 minus,
1068 2557 1249 2644 quemsel·
1303 2558 1374 2641 ejus
1397 2557 1545 2620 utilitas?
1577 2558 1664 2642 quod
1688 2572 1809 2626 tantum
1831 2561 1978 2628 bonum?
2007 2585 2050 2627 au

494 2667 627 2740 lemna,
659 2673 771 2744 aperte
804 2680 845 2724 ac
865 2659 1008 2724 dilucide
1034 2662 1104 2744 ejus
1131 2678 1247 2724 omnes
1304 2658 1529 2742 opulentiores
1566 2659 1707 2734 lienus,
1741 2685 1781 2726 an
1819 2665 1979 2747 majores,
2009 2689 2052 2729 an

501 2749 851 2846 causasexplicarcut.
894 2764 961 2824 lam
991 2763 1091 2844 igitur
1113 2761 1191 2846 quid
1213 2759 1247 2820 hi
1303 2760 1540 2844 potentiora-st
1590 2765 1778 2830 timentium
1812 2779 1862 2829 est
1891 2779 2051 2852 appetere

498 2867 562 2950 ipsi
584 2864 764 2939 senserint,
786 2882 828 2926 ex
847 2883 962 2927 sorum
981 2865 1126 2947 ipsorum
1150 2863 1248 2926 dicta·
1303 2881 1417 2928 vasam
1441 2863 1599 2946 gloriam,
1622 2879 1655 2928 et
1677 2867 1882 2952 stupidorum
1904 2883 1968 2935 ete.
2006 2871 2053 2932 At

490 2971 541 3031 tis
562 2963 794 3048 intelligamus.
1302 2984 1385 3033 tero
1413 2961 1578 3046 praesides
1600 2967 1740 3032 Romani
1770 2967 1947 3054 (ἡψεμονες)
1975 2989 2052 3034 cum

564 3069 779 3151 Singulorum
813 3065 934 3150 scripta
969 3068 999 3130 si
1035 3066 1246 3141 excutiamus,
1304 3064 1465 3130 deberent
1486 3081 1632 3134 nestrum
1653 3069 1704 3151 jus
1726 3089 1930 3156 aequumque
1954 3075 2053 3151 tueri,

501 3168 670 3254 apparebit
694 3165 814 3245 iasile,
844 3165 1003 3246 urbibus,
1025 3189 1107 3254 quac
1126 3187 1161 3230 se
1181 3165 1247 3250 pti·
1304 3185 1416 3232 manus
1439 3166 1602 3234 abstinere
1634 3172 1795 3255 arspinis
1816 3174 1970 3251 urbium,
1994 3175 2054 3238 ho·

500 3295 569 3336 mas
607 3270 673 3334 dici
704 3269 865 3348 volsere,
903 3283 1037 3353 praeter
1073 3272 1247 3344 honorem,
1304 3270 1493 3353 mirumque
1522 3269 1743 3351 privatorum,
1777 3277 1945 3342 nemiuem
1972 3275 2052 3340 edii-

502 3389 644 3457 cumque
662 3391 754 3434 mers
776 3369 942 3448 fictitium,
965 3371 1047 3434 nihil
1070 3373 1247 3435 accessisse
1306 3389 1385 3435 cere
1417 3372 1639 3452 contumelia,
1677 3375 1728 3440 his
1764 3378 1892 3442 omissis
1921 3380 2055 3442 uomina

501 3476 572 3540 sire
592 3471 780 3555 potestatis,
795 3471 871 3538 ‘sive
894 3473 1053 3536 utilitatis.
1096 3475 1165 3537 iam
1184 3472 1249 3554 pri·
1304 3469 1399 3538 vobis
1430 3491 1467 3550 ac
1497 3469 1609 3536 titulos
1647 3479 1842 3561 propinant,
1880 3499 1955 3544 cum
1991 3501 2053 3548 sos

502 3597 589 3638 mum
614 3575 718 3636 bonus
741 3585 775 3633 et
797 3585 928 3656 apertus
945 3574 1013 3636 Dic
1030 3573 1114 3634 nihil
1134 3572 1250 3636 circui·
1304 3571 1429 3655 primos
1465 3586 1519 3635 aut
1549 3574 1679 3655 dicunt,
1710 3592 1766 3645 aut
1802 3580 1958 3644 scribunt.
2003 3581 2056 3644 Si·

502 3679 593 3740 tione
613 3687 663 3737 est
680 3693 776 3748 usus,
808 3691 882 3738 cum
905 3672 986 3736 dixit
1008 3675 1042 3735 in
1061 3675 1157 3738 citata
1178 3695 1249 3739 ors·
1304 3673 1376 3738 utili
1415 3674 1564 3738 oratione
1602 3677 1645 3740 ud
1678 3679 1826 3746 civitates
1847 3682 1945 3747 Asiae
1974 3701 2054 3748 usus

503 3779 593 3842 tione
610 3773 766 3838 Tarsensi
782 3773 826 3854 ¹),
846 3775 1057 3858 Aegssenscs
1079 3796 1153 3840 eum
1170 3777 1250 3840 Tar·
1304 3774 1484 3852 Aristides,
1507 3775 1654 3861 cogitare
1690 3800 1748 3846 vos
1784 3784 1905 3860 velim,
1936 3783 2054 3867 iuquit,

503 3878 671 3954 sensibus,
692 3877 894 3960 Apamenses
925 3895 999 3938 cum
1023 3877 1247 3956 Antisthenis,
1306 3890 1341 3945 et
1361 3877 1659 3959 Lacedaemonios,
1687 3895 1722 3946 et
1750 3883 1989 3961 Athenienses,
2018 3900 2056 3950 et

503 3981 698 4063 smyrnaeos
721 3977 969 4061 cuns.l·2phesiis
995 3977 1036 4042 de
1065 3980 1248 4066 principatu
1306 3979 1480 4043 Thebanos
1510 3981 1640 4063 (vetera
1668 3982 1786 4048 horum
1819 3986 1861 4050 de
1891 3987 2058 4070 priucipa-

488 4079 741 4150 ‚contendentes
757 4083 797 4142 ds
814 4083 923 4156 asini,
944 4084 1032 4160 quud
1045 4085 1157 4160 esunt,
1180 4105 1249 4148 um·
1304 4081 1450 4146 tubelle
1471 4081 1643 4168 intelligit)
1665 4085 1817 4152 habuisse
1840 4087 1980 4174 sliqusn
2002 4107 2057 4152 re·

502 4189 581 4259 bra,
602 4206 669 4262 nass
692 4179 859 4255 insonae,
888 4191 985 4260 pase,
1007 4181 1149 4266 litigare.
1192 4187 1249 4247 At·
1304 4205 1379 4252 rum
1408 4203 1541 4262 aarum,
1575 4205 1654 4270 quas
1691 4186 1779 4252 inter
1816 4209 1854 4254 se
1892 4189 2055 4274 gerebant

502 4305 566 4368 que
593 4285 675 4350 hanc
696 4284 798 4366 ipsam
823 4282 905 4344 esini
932 4282 1079 4348 umbram
1108 4288 1250 4350 cumula·
1307 4277 1434 4352 eausam
1461 4321 1475 4337 ·
1496 4319 1509 4336 ·
1535 4285 1580 4348 At
1607 4306 1688 4362 sos,
1718 4289 1746 4350 si
1777 4291 1849 4375 quis
1881 4311 1924 4354 ex
1960 4291 2056 4360 vobis

502 4389 566 4452 tius
606 4399 673 4450 tota
710 4384 858 4447 oratione
880 4383 1056 4454 xxxvto.
1095 4389 1249 4471 esplicst.
1307 4386 1548 4464 contentionis,
1585 4387 1780 4468 seditionis,
1822 4412 1860 4456 ac
1897 4393 2055 4458 tumultus

502 4488 675 4556 Commissi
694 4487 850 4568 primatus
866 4505 962 4550 ecuss
983 4485 1069 4569 (inse
1084 4493 1248 4572 secretos)
1307 4511 1434 4556 causam
1467 4504 1620 4575 quaerat,
1660 4491 1739 4574 quid
1773 4493 1873 4570 estis,
1904 4495 2056 4574 obtecto,

500 4592 587 4656 inter
603 4609 640 4654 se
657 4588 752 4652 fuere
768 4587 1026 4654 Nicomedenses
1043 4603 1077 4654 st
1092 4591 1251 4658 Nicaeen-
1305 4595 1521 4678 responsuri?
1553 4593 1647 4676 cujus
1667 4593 1801 4678 imperii
1821 4615 1918 4660 causa
1938 4617 1998 4664 tos
2019 4597 2055 4662 id

501 4729 2052 4766 mmm-—

540 4800 572 4871 a)
590 4815 658 4874 cst·
675 4803 737 4860 ¹¹2⁷·
