4446 5570
583 533 661 609 DE
695 533 887 612 Nvttts
923 535 1357 618 COLONIARVM.
1648 479 1745 646 '460

196 719 270 789 post
306 719 469 770 tantorum
504 706 649 772 virorum
685 719 819 772 onustus
847 722 940 790 apem
992 712 1069 790 jure
1092 723 1222 774 utentes
1232 737 1246 786 ,·
1276 725 1314 776 nt
1338 715 1490 780 coioniae
1511 705 1576 780 isca
1603 722 1741 782 ueniunt

196 809 276 870 mihi
298 809 448 874 relictum
468 829 536 873 uun
555 808 652 872 rideo
674 810 797 872 certius
816 808 940 894 sliquid
996 815 1209 876 extrinsecus
1223 817 1260 876 iss
1277 817 1465 898 civitatens,
1488 835 1548 882 ssec
1564 823 1637 884 suis
1652 823 1741 884 rodi·

196 925 293 998 atque
315 911 516 996 exploratius
538 911 729 988 sisenandi,
757 910 817 975 sed
840 913 938 974 etism
998 916 1091 976 eoas
1122 921 1299 991 minutus,
1338 921 1398 981 sesi
1418 934 1462 982 ec
1483 926 1622 985 ciuitate
1642 927 1741 1001 quusi

196 1013 284 1098 quod
301 1015 406 1078 omnis
424 1013 505 1078 isaeo
520 1015 743 1080 controversia
763 1031 938 1077 numerum
991 1029 1197 1102 propagatae
1225 1031 1323 1096 suns,
1355 1031 1390 1082 et
1411 1023 1490 1100 piare
1517 1028 1741 1104 institutaque

194 1137 259 1200 opo
278 1117 382 1200 jurari
406 1117 537 1199 nequit,
559 1131 656 1200 atque
678 1116 763 1181 adeo
783 1115 868 1180 nitra
891 1117 940 1178 iu·
996 1122 1109 1180 omniu
1125 1119 1243 1200 populi
1261 1121 1324 1198 ii„
1347 1140 1412 1185 non
1436 1127 1492 1186 sui
1518 1127 1653 1190 arbitrii
1680 1127 1741 1186 in·

194 1217 297 1283 stituti
318 1217 484 1284 usai-lines
502 1233 553 1282 eat
574 1221 688 1302 posits.
732 1221 859 1296 Fuere,
883 1219 938 1303 qui
995 1219 1082 1284 ient.
1132 1221 1227 1302 Quae
1248 1235 1359 1286 tamen
1380 1227 1548 1306 condeio,
1571 1225 1739 1311 prosequi·

194 1342 235 1384 ex
257 1323 342 1406 typis
363 1321 518 1404 putabant
539 1321 611 1385 erui
634 1337 752 1405 posse,
780 1337 863 1405 quae
883 1335 939 1384 on·
995 1334 1049 1384 tur
1063 1320 1211 1400 Gellius,
1241 1341 1315 1388 cum
1340 1329 1387 1388 sit
1404 1332 1513 1409 magis
1539 1330 1684 1391 obnoxiu
1706 1337 1741 1390 et

192 1423 279 1486 ionia
295 1423 470 1499 uisitstem,
494 1442 577 1508 qnae
594 1426 644 1506 jos
661 1423 756 1497 Latii,
780 1441 862 1506 quae
877 1423 937 1485 Its·
995 1426 1109 1487 missus
1127 1425 1250 1502 iibere,
1274 1431 1387 1507 potior
1407 1438 1519 1490 tasness
1540 1443 1573 1492 et
1589 1441 1740 1511 praestu-

191 1525 290 1588 lioum
311 1541 403 1590 nante
420 1527 540 1602 fuerit,
570 1525 630 1588 aet
657 1527 738 1588 baec
761 1537 935 1608 perperam
992 1527 1094 1587 tilios
1108 1528 1323 1588 existimetur
1335 1541 1470 1612 propter
1487 1531 1738 1612 amplitudinem

190 1629 293 1692 fuisso
315 1627 460 1706 credits,
490 1629 524 1688 iu
542 1641 694 1711 typorum
718 1628 936 1709 espttesriuna
994 1628 1262 1706 maiestatemque
1284 1631 1322 1690 Ρ.
1344 1629 1402 1706 li,
1429 1631 1523 1709 cujus
1540 1635 1628 1694 istae
1646 1633 1740 1694 notos

191 1729 393 1794 docebimus.
426 1731 582 1794 Ceterum
601 1747 683 1816 quse
700 1728 741 1792 ad
758 1729 841 1792 hauc
855 1729 937 1812 juris
994 1731 1071 1791 niue
1086 1731 1184 1806 quusi
1203 1727 1330 1816 effigies
1347 1751 1471 1810 paruae
1495 1734 1739 1810 simulacroque

190 1831 232 1897 tt.
258 1845 385 1915 partem
406 1833 593 1916 portinent,
622 1845 756 1917 praeter
784 1832 938 1913 copiosos
994 1851 1064 1894 esse
1082 1833 1241 1908 quaedam
1261 1834 1422 1898 uidentur.
1465 1831 1551 1896 Vide
1571 1835 1652 1898 haec
1674 1833 1740 1917 pin·

190 1935 272 1999 aiios
301 1934 379 2000 ride
404 1935 470 1998 late
498 1933 644 2020 exposite
674 1933 760 2020 apud
782 1933 936 1999 carolum
991 1931 1064 1995 nius
1084 1934 1230 2015 expositi
1252 1934 1336 2018 opud
1352 1935 1583 2018 spanhemium
1600 1938 1642 2019 tt).
1687 1937 1737 1997 Ex

190 2035 361 2122 Sigonium
381 2035 423 2100 de
442 2037 576 2122 antiqno
593 2037 668 2122 jure
689 2037 816 2114 ltaliae,
837 2037 938 2121 Spsu·
992 2055 1058 2119 quo
1094 2049 1246 2119 apparet,
1289 2037 1467 2100 secundnm
1506 2039 1585 2103 alias
1625 2059 1736 2102 canens

190 2139 336 2203 hemium
364 2141 397 2202 in
416 2139 508 2204 Orbe
529 2135 569 2203 R.
601 2141 698 2206 striis
727 2139 826 2216 looia,
849 2159 938 2202 com·
991 2139 1263 2220 praestantiorem
1284 2137 1386 2202 fnisse
1404 2154 1520 2203 statum
1542 2141 1737 2226 municipio·

190 2241 311 2326 peudio
333 2243 419 2326 apud
441 2239 630 2304 Bimardum
651 2241 693 2306 de
714 2241 747 2306 la
766 2241 877 2305 Bassie
892 2248 934 2324 ¹),
992 2261 1084 2315 rum,
1115 2239 1295 2302 secundum
1318 2241 1395 2303 alies
1417 2241 1642 2320 coloniarum,
1671 2263 1738 2326 qno

187 2357 223 2408 et
241 2343 433 2408 Floseuium
450 2341 495 2426 Ι>).
991 2341 1131 2418 iactum,
1148 2356 1262 2404 utnon
1278 2362 1353 2404 raro
1369 2343 1468 2406 urbes
1485 2345 1623 2407 aiterum
1640 2345 1737 2408 alteri

266 2446 520 2530 Municipiorum
553 2445 714 2510 rationem
742 2437 794 2510 his
823 2443 934 2512 serbis
992 2443 1192 2526 praeferent.
1235 2444 1353 2508 Refert
1369 2443 1496 2508 Gellius
1511 2443 1561 2525 11),
1584 2446 1736 2509 miratum

188 2547 345 2613 describit
354 2545 483 2612 Gellius
499 2551 546 2630 e)s
564 2549 753 2629 Municipes
763 2569 840 2632 ergo
854 2559 934 2610 sunt
990 2545 1211 2624 Hadrianum,
1234 2549 1322 2626 quod
1339 2559 1373 2608 et
1391 2551 1457 2628 ipsi
1467 2547 1680 2625 Italicenses,
1702 2560 1737 2611 et

187 2655 276 2715 cives
305 2651 452 2712 Romani
486 2667 532 2712 sc
561 2651 774 2730 municipiis,
804 2650 935 2732 legibus
990 2651 1152 2728 quaedam
1181 2651 1262 2710 item
1284 2649 1356 2710 clia
1378 2651 1560 2729 municipia
1584 2653 1736 2728 antiqua,

187 2756 259 2816 suis
282 2761 317 2814 et
336 2771 397 2814 suo
415 2753 490 2831 iure
512 2762 663 2825 utentes,
695 2751 840 2812 muneris
861 2759 936 2810 tuss-
990 2753 1026 2812 iu
1047 2751 1165 2827 quibus
1184 2752 1357 2810 Vticenses
1374 2753 1542 2826 nominat,
1566 2769 1640 2812 curn
1664 2753 1736 2813 suis

187 2865 259 2916 tum
286 2872 361 2914 cum
387 2853 508 2934 populo
531 2852 574 2915 li.
595 2849 770 2912 honorarii
795 2851 935 2934 partici-
991 2853 1138 2912 mosibus
1158 2849 1349 2931 legibusque
1371 2852 1423 2912 uti
1439 2861 1593 2930 possent,
1623 2854 1660 2914 in
1678 2852 1736 2928 jus

182 2975 257 3038 pes,
280 2973 302 3018 a
322 2971 385 3032 quo
405 2973 539 3014 munere
556 2953 753 3032 capessendo
774 2951 935 3032 appellati
989 2951 1197 3014 coloniorum
1224 2962 1354 3011 mature
1380 2952 1593 3032 gesstoess'as.
1637 2955 1735 3016 Prae·

187 3047 357 3130 uidentur,
376 3053 481 3116 nullis
498 3053 579 3116 aliis
593 3053 861 3128 necessitutibus,
880 3073 934 3114 ue·
989 3055 1136 3114 uestinos
1159 3062 1268 3144 autem
1296 3051 1396 3132 refert
1420 3055 1568 3114 maximo
1592 3074 1686 3136 opere
1713 3075 1736 3115 c

185 3179 248 3237 que
269 3156 342 3220 ullu
359 3153 478 3238 populi
501 3153 541 3216 ii.
563 3153 636 3235 Iege
657 3153 833 3229 adstricti,
855 3155 933 3229 nisi,
995 3149 1120 3214 iiberio
1152 3155 1230 3234 imp.
1254 3153 1378 3232 petisse
1400 3170 1596 3232 orasseque,
1627 3165 1666 3215 ut
1690 3173 1734 3218 ess

187 3261 343 3337 inquam,
362 3255 505 3338 populus
527 3275 639 3316 eorum
655 3253 789 3336 fundus
811 3255 934 3336 suctus
988 3253 1179 3315 colonicio
1204 3255 1380 3330 municipii
1401 3265 1528 3315 statum
1549 3255 1733 3335 redigeren-

185 3373 246 3424 est.
289 3358 369 3436 Ait,
397 3354 573 3438 municipia
607 3376 625 3417 a
652 3374 790 3418 munero
820 3373 933 3436 capea-
988 3367 1055 3416 tur.
1084 3352 1268 3437 ·Ejnemodi
1294 3353 1541 3436 permutationis
1567 3357 1661 3438 plura
1684 3355 1732 3422 loe

184 3459 289 3526 sendo
308 3455 470 3544 appellata
486 3455 612 3530 viderit
640 3467 672 3518 st
688 3445 818 3518 Sinnius
838 3452 932 3520 Flau-
987 3465 1109 3540 g'untnr
1126 3455 1296 3537 exempla,
1326 3436 1464 3540 quornm
1484 3455 1641 3518 nonnulla
1664 3458 1732 3520 cnl-

183 3585 241 3628 uus
258 3563 310 3629 sel
327 3585 347 3626 a
361 3557 612 3633 munitionibus,
634 3557 689 3622 sol
706 3579 724 3620 a
740 3557 931 3622 munificen-
986 3559 1068 3642 legit
1082 3557 1298 3641 Spanhes'nins
1314 3555 1353 3636 ἰ).
1388 3555 1499 3648 Quare
1517 3577 1582 3618 non
1601 3557 1730 3633 mirum,

182 3668 225 3730 tia
248 3665 291 3747 d).
336 3663 430 3727 Adeo
459 3659 710 3742 municipiorum
739 3675 806 3722 non
835 3673 930 3724 soca·
986 3680 1084 3723 nuum
1106 3659 1260 3742 idemque
1287 3659 1441 3742 oppidum
1470 3661 1533 3739 jorn
1556 3657 1728 3737 coloniam,

183 3767 295 3832 bulum
335 3767 441 3828 minus
478 3763 668 3838 incertum,
709 3781 805 3846 qnam
844 3762 926 3844 jura.
983 3763 1047 3844 jam
1061 3760 1554 3846 municipinm'asnripioribus‚
1576 3761 1659 3824 etin
1676 3785 1729 3827 va·

182 3869 276 3964 Quae
300 3868 425 3930 inerint
455 3865 543 3930 vania
585 3863 835 3947 municipiorum
870 3883 926 3949 gu·
984 3865 1041 3926 riis
1063 3863 1279 3928 monumentis
1309 3863 1486 3946 appellari,
1524 3883 1589 3948 quo
1617 3859 1725 3938 modo,

181 3991 280 4047 nera,
308 3981 442 4052 praeter
466 3979 617 4030 auctores
642 3966 758 4030 citatos
785 3967 923 4030 strictim
980 3985 1075 4050 qnam
1097 3965 1279 4032 Valentiam
1311 3964 1528 4046 (Bruttiorum
1559 3964 1725 4051 tntatttge)

121 4075 128 4086 ’
181 4075 280 4136 docet
303 4069 501 4133 Heineucina
517 4072 558 4151 ⁸).
600 4068 806 4133 Diffemnta
834 4072 926 4134 colo·
979 4067 1140 4134 coloniam
1172 4068 1254 4130 dixit
1275 4069 1388 4131 Livius
1410 4065 1465 4147 ¹¹),
1503 4087 1576 4130 enm
1606 4068 1724 4132 Cicero

179 4176 261 4251 niis,
283 4169 372 4258 quod
393 4183 479 4234 teste
502 4169 621 4242 eodem
639 4169 795 4252 Gellius)
817 4177 925 4237 muni·
979 4171 1187 4252 municipium
1204 4166 1248 4248 ¹).
1284 4170 1439 4233 Ceterum
1460 4167 1558 4232 nrbes
1575 4191 1723 4258 quaeque

178 4285 266 4362 cipes
289 4289 367 4341 sunt
392 4277 481 4336 ciues
503 4274 544 4338 Ii.
567 4273 696 4354 legibus
717 4278 789 4337 suis
811 4287 845 4336 et
862 4297 923 4338 suo
978 4274 1177 4359 peregrinae
1195 4283 1424 4360 nonuunquam
1442 4271 1616 4356 municipia
1637 4271 1725 4337 ‹iius-

203 4509 246 4581 ἰ)
266 4507 305 4565 ud
320 4505 429 4564 tobert.
448 4501 483 4562 Τ.
496 4503 534 4561 11.
560 4523 591 4580 p.
608 4513 654 4566 ts·
763 4503 798 4575 b)
818 4503 941 4562 Medati.
958 4505 997 4562 de
1012 4501 1150 4580 Espanuu
1168 4507 1204 4562 T.
1221 4505 1243 4562 l.
1262 4511 1307 4566 85·
1324 4523 1387 4580 seq.
1496 4506 1527 4576 o)
1555 4505 1641 4564 Noct.
1663 4509 1723 4564 Au.

175 4601 208 4662 1'..
223 4599 302 4660 th.
321 4617 347 4656 c.
369 4609 412 4662 15.
504 4593 539 4668 d)
560 4593 597 4651 de
616 4593 725 4652 condit.
745 4611 841 4669 agros.
859 4613 892 4672 p.
910 4607 937 4655 ι.
1028 4595 1061 4668 u)
1078 4594 1146 4651 Ant.
1166 4592 1203 4650 tt.
1221 4593 1353 4668 append.
1371 4593 1406 4649 L.
1423 4593 1445 4650 1.
1465 4613 1489 4651 c.
1508 4605 1533 4676 5.
1608 4593 1624 4650 i
1627 4595 1647 4679 )1
1659 4593 1678 4652 l.
1696 4617 1721 4652 c.

175 4693 210 4768 g)
229 4687 304 4748 orb.
321 4686 359 4744 R.
377 4703 408 4764 p.
425 4695 469 4750 ii·
514 4683 579 4756 ·h)
600 4683 661 4740 ic.
736 4683 759 4753 it
778 4682 851 4742 Oris.
868 4683 905 4742 R·
923 4703 955 4762 p.
973 4693 1080 4757 ‘imit-
1153 4681 1187 4752 ts)
1207 4675 1370 4744 mxxv.
1390 4703 1417 4743 c.
1434 4690 1477 4745 to.
1553 4683 1576 4755 Ι)
1597 4683 1720 4746 inVerr'.

173 4780 208 4838 L.
223 4778 259 4839 V·
286 4780 313 4850 §-
332 4779 374 4842 ¹6·
