4372 5556
599 571 755 644 tt't'Mt
792 568 1232 646 Bennanonvtt.
1618 591 1683 657 lid

143 761 266 824 genere
307 740 404 804 vilius
439 739 619 824 tritiusque.
663 739 759 802 Numi
789 759 820 820 7.
847 737 884 815 d,
941 758 1047 824 prope
1067 738 1229 802 Podmoltl
1253 739 1433 805 Bolsemiae
1457 761 1574 828 pagum
1607 763 1685 826 pon·

141 845 215 928 quia
241 843 350 918 aurei,
377 856 412 907 et
437 841 577 908 necdum
598 841 730 907 aliunde
752 839 884 924 cogniti,
941 839 1026 948 dere
1040 839 1194 904 librarum
1206 841 1337 904 LXXX.
1353 845 1479 928 reperti
1493 859 1576 922 sunt,
1589 865 1684 929 quos·

141 945 311 1012 observari
331 959 527 1030 merentur„
552 959 586 1010 et
612 945 713 1012 habet
736 961 885 1009 museum
941 963 1006 1028 qna
1030 943 1100 1006 seri
1127 944 1248 1009 incisus
1278 942 1369 1010 dedit
1397 945 1560 1012 Adauctus
1583 947 1685 1031 Voigt

142 1048 338 1114 Caesareum
369 1048 538 1134 utriusque
559 1047 653 1132 plura
675 1046 883 1131 exemplaria,
940 1045 974 1107 in
997 1044 1223 1110 dissertatione
1239 1047 1366 1132 Prsgse
1385 1047 1493 1112 dorma
1514 1047 1684 1133 epistolari

141 1147 257 1214 sedin
279 1150 394 1238 quibus
425 1151 519 1215 deest
547 1149 746 1235 epigraphe,
765 1141 885 1214 ⁴tumen
941 1147 1052 1231 edita,
1081 1150 1135 1214 eui
1155 1149 1287 1214 titulust
1321 1149 1499 1216 Schneiden
1518 1173 1563 1216 un
1588 1154 1684 1218 einen

143 1251 216 1334 quis
242 1265 360 1338 typos,
398 1252 547 1336 pondus,
577 1251 732 1316 fabricam
763 1251 885 1316 liabent
942 1253 1074 1316 Freund
1092 1265 1156 1318 sto.

142 1355 238 1435 plane
268 1354 451 1436 geminam,
481 1375 579 1418 nemo
607 1375 702 1418 sanus
731 1353 888 1417 adhaere·
1111 1335 1116 1349 ³
1243 1337 1247 1346 ³

140 1453 207 1528 bit,
241 1475 306 1540 quo
341 1455 447 1518 minus
487 1469 520 1519 et
555 1455 615 1517 hos
647 1453 887 1538 anepigraphos
1006 1450 1106 1523 Num.
1126 1470 1178 1520 so.
1217 1453 1384 1548 ‚SVICCA
1407 1454 1531 1517 Numos
1554 1457 1683 1540 ipsoque

141 1556 260 1618 eudem
288 1577 385 1621 cusos
407 1569 542 1620 auctore
569 1556 729 1620 adlirmet.
773 1557 887 1632 Erant,
944 1551 992 1616 sic
1012 1553 1186 1636 inscriptos
1212 1555 1247 1618 in
1267 1555 1534 1640 Hispaniensibus
1561 1556 1684 1640 putarit

142 1657 197 1742 qui
216 1657 448 1740 opinabantur,
470 1657 623 1720 numulos
645 1657 768 1721 similes
789 1677 887 1742 posse
940 1653 1151 1721 Pellerinius.

141 1760 311 1821 accenseri
332 1759 372 1820 iis
393 1759 520 1836 aureis,
543 1761 599 1842 qui
620 1761 832 1844 frequenter,
848 1769 889 1820 et

141 1881 258 1942 magna
282 1879 512 1943 nonnunquam
544 1860 636 1944 copia
664 1863 698 1920 in
728 1859 888 1924 Bohemia
1200 1905 1221 1943 ,
1305 1860 1324 1899 “
1407 1905 1428 1944 ,

142 1961 363 2039 effodiuntur,
385 1963 460 2045 quia
480 1962 546 2026 illis
569 1974 715 2046 spectato
737 1962 885 2045 pendere

142 2075 177 2124 et
214 2061 336 2125 lubrica
381 2063 531 2145 proxime
569 2063 736 2128 accedunt.
789 2063 884 2141 Vide,
994 2061 1360 2133 Charaeteremhonnm
1378 2081 1549 2148 nemorum
1566 2063 1683 2146 consti·¹

141 2183 224 2248 quaa
252 2161 294 2226 da
324 2164 387 2226 hoc
414 2162 514 2226 dubio
542 2163 700 2247 prolixius
730 2165 886 2229 disseruit
938 2172 1036 2224 tuunt
1054 2163 1138 2247 typi,
1160 2164 1275 2231 modus
1292 2165 1456 2248 pictura'e,
1478 2178 1512 2226 et
1526 2163 1682 2228 fabrica·

140 2267 349 2329 Neumsnnus
365 2268 403 2345 ⁸).
448 2266 507 2328 Sin
528 2265 632 2342 istud,
661 2279 787 2329 certum
811 2289 885 2350 per·

138 2367 215 2431 inde
236 2368 318 2444 erit,
341 2368 438 2430 etiarn
460 2388 577 2432 manos
597 2367 771 2450 inscriptos
791 2365 884 2430 stn-
1004 2364 1119 2430 Antion
1140 2365 1240 2430 o'li'ert
1260 2379 1357 2451 caput
1377 2364 1528 2452 aliquod,
1552 2365 1683 2430 adstitu-

139 2467 228 2532 TEC
258 2487 331 2532 esse
361 2470 569 2534 Bohernicos.
614 2469 885 2540 'l'smencertis-
939 2477 974 2527 to
1000 2485 1120 2550 saepe,
1156 2469 1253 2532 etiam
1276 2469 1450 2554 utrinque,
1486 2462 1701 2554 rsmuscplo,

139 2569 254 2632 simum
273 2585 342 2646 est,
364 2571 443 2648 hos,
466 2571 508 2634 de
530 2570 645 2655 quibus
667 2573 808 2655 agimus,
829 2594 883 2634 sn·
937 2567 1029 2630 numi
1052 2587 1141 2630 oram
1158 2583 1290 2652 praeter
1311 2569 1479 2654 globulos,
1502 2591 1583 2654 quos
1604 2569 1684 2634 Gre-

138 2691 216 2733 reos
236 2671 319 2733 nihil
341 2671 463 2736 habere
484 2677 752 2737 commonacum
775 2673 884 2737 Bolse-
939 2670 1028 2730 notis
1062 2669 1287 2753 appellamus,
1322 2670 1552 2736 claudentibus
1570 2670 1681 2736 variae

139 2773 231 2836 micis
247 2773 332 2849 illis,
355 2775 472 2856 partim
498 2774 573 2858 quia
593 2787 658 2838 tum
678 2775 780 2838 nitida
805 2774 883 2838 ees-i-
935 2769 1064 2832 l'ormae
1096 2771 1302 2836 anfractibus.
1344 2773 1502 2837 Aversam
1537 2773 1682 2857 plerum·

140 2887 235 2958 ptura
249 2870 419 2936 ΒΙΑΤΕΟ
440 2873 563 2938 fastidit
588 2875 716 2938 saecula
736 2875 790 2938 ills
816 2897 883 2940 me·
938 2891 1003 2955 que
1034 2885 1171 2954 occupat
1195 2892 1318 2956 eques,
1355 2886 1449 2958 typus
1479 2887 1543 2938 tam
1573 2873 1682 2946 cultis,

140 2975 186 3036 dii
214 2975 287 3038 aeri
314 2973 475 3050 barbara,
513 2975 629 3058 quibus
658 2995 775 3038 aureos
806 2975 882 3038 illos
940 2993 1034 3056 qnam
1056 2971 1201 3034 barbaris
1219 2972 1349 3056 populis
1369 2975 1516 3056 placitus·
1560 2975 1627 3040 Sed
1647 2991 1682 3040 et

138 3076 338 3139 Bohemicoe
357 3094 456 3139 cusos
481 3088 629 3152 constat,
664 3075 781 3158 partim
808 3078 883 3160 quis
940 3072 1087 3136 amabunt
1107 3073 1255 3136 animalia
1277 3095 1318 3135 ex
1334 3077 1432 3138 variis
1454 3078 1576 3139 naturis
1592 3098 1681 3142 com·

139 3177 228 3240 numi
249 3177 283 3237 id
306 3195 409 3260 genus
437 3175 528 3240 aurei
551 3176 631 3237 milri
653 3195 694 3239 ex
716 3179 884 3262 Hungaria
937 3175 1068 3259 posita,
1092 3174 1178 3258 quod
1201 3172 1380 3238 instiintum
1400 3175 1572 3240 barbarum
1593 3177 1680 3241 dice·

140 3294 173 3342 et
189 3278 414 3343 Transilrania
431 3277 530 3342 adlati
544 3277 658 3354 suere,
677 3279 792 3363 partin
809 3280 881 3364 quis
939 3296 1070 3352 remus,
1097 3275 1160 3338 nisi
1182 3297 1240 3339 eos
1261 3291 1455 3341 excusarent
1476 3277 1678 3372 Graecorum

139 3397 206 3444 turn
228 3381 322 3465 argui
343 3393 455 3464 posset
483 3399 519 3442 ao
547 3378 686 3442 deberet
713 3381 813 3458 etiam,
832 3401 882 3442 ars·
938 3378 1155 3453 Chimaeras,
1196 3377 1386 3462 sphinges,
1422 3380 1578 3442 Centauri
1615 3391 1678 3443 etc.

137 3495 276 3565 genteos
307 3483 483 3564 inscriptos
513 3479 680 3544 ΒΙΑΤΕΟ
714 3501 788 3545 esse
816 3483 883 3544 Bo·
937 3479 1055 3548 Vtrum
1077 3477 1238 3542 valuerint
1258 3479 1292 3538 in
1314 3478 1478 3560 symbola,
1504 3493 1538 3543 et
1557 3481 1680 3566 allego·

136 3585 307 3663 henricos,
336 3604 411 3649 cum
432 3582 612 3648 verisimile
642 3603 709 3646 non
737 3583 797 3668 sit,
828 3603 881 3648 re·
933 3583 1023 3658 rias,
1056 3601 1096 3644 an
1118 3579 1159 3641 e‘x
1182 3579 1381 3664 mythologie
1409 3582 1533 3664 privata
1553 3579 1678 3647 fuerint

136 3689 249 3770 gnlum
288 3683 437 3770 ejusdem
465 3684 606 3748 nominis
638 3684 745 3748 fuisse
779 3699 814 3749 et
844 3686 880 3746 in
936 3682 1055 3769 petita,
1076 3681 1282 3770 ignoramus,
1304 3695 1420 3745 curent
1436 3688 1516 3763 puio
1532 3697 1609 3746 vote
1626 3705 1679 3748 sa·
1802 3763 1808 3776 η

135 3787 314 3862 Bohemia,
344 3799 379 3849 ot
400 3785 432 3847 in
456 3783 613 3863 Oriente,
644 3801 678 3849 et
699 3800 807 3850 tamen
830 3807 881 3849 ar·
937 3807 1003 3848 ero.
1045 3783 1216 3866 Deceptis
1235 3803 1277 3846 ex
1297 3784 1406 3847 alieno
1432 3784 1521 3868 typis
1542 3804 1675 3868 agemus

137 3891 251 3974 gentei
266 3889 302 3951 hi
324 3907 438 3953 omnes
460 3907 501 3949 ex
520 3887 660 3950 Oriente
682 3887 776 3950 nobis
790 3887 881 3952 adle·
936 3885 1073 3952 articulo
1095 3898 1263 3970 sequente.

136 4005 275 4066 rantur,
303 3989 421 4072 partim
444 3985 606 4072 deniqne,
629 3989 702 4073 quis
718 3989 753 4051 in
773 3989 879 4053 sumis
1376 4041 1379 4048 .

137 4093 236 4156 certis
252 4089 459 4166 Bolsemicis,
480 4091 543 4152 etsi
566 4091 717 4174 spectatis
741 4091 880 4155 nonnul·
996 4091 1149 4156 Picturae
1184 4086 1299 4151 modus
1327 4085 1511 4176 barbariem
1543 4093 1674 4155 omnino

138 4195 177 4257 lis
199 4191 304 4258 causis
330 4192 503 4260 videantur
519 4191 574 4254 lris
595 4193 714 4256 nostris
737 4215 810 4258 essa
837 4194 880 4258 si·
930 4194 1045 4278 spirat.
1086 4193 1231 4276 Apparet
1247 4191 1329 4253 haec
1350 4191 1539 4273 cumprimis
1561 4213 1602 4254 cx
1625 4213 1675 4256 oa·

138 4296 252 4374 miles,
278 4309 386 4358 tamen
407 4277 507 4357 iidem
529 4294 596 4377 typi
614 4297 775 4379 comperti
798 4317 879 4360 non·
934 4295 1054 4378 pitibus
1072 4295 1217 4371 anticas,
1240 4306 1273 4356 et
1289 4291 1382 4375 equis
1399 4312 1544 4359 aversae.
1569 4289 1683 4388 Quam

137 4399 214 4460 dum
236 4409 329 4470 sunt,
356 4408 392 4456 ut
412 4407 501 4478 patet
519 4416 560 4457 ex
581 4395 745 4460 iconismis
765 4419 878 4461 numo·
934 4398 1015 4462 haec
1036 4417 1134 4482 saepe
1150 4393 1272 4458 fuerint
1293 4393 1463 4470 monstris,
1486 4415 1523 4460 ac
1542 4409 1675 4480 porten-

137 4521 231 4578 rum,
262 4498 318 4584 qui
347 4514 430 4560 anno
459 4495 599 4565 labentis
620 4498 742 4562 saeculi
762 4501 877 4568 LXXI.
933 4503 975 4565 tis
993 4501 1127 4577 similia,
1149 4498 1279 4562 dicetur
1292 4495 1455 4580 proxime.

176 4821 203 4890 a]
225 4819 313 4876 Num.
331 4835 405 4897 pop.
422 4839 453 4898 p.
472 4829 533 4882 llo.
