4372 5556
438 532 501 609 02.
734 460 738 478 ⁸
905 507 1059 582 nunt
1094 502 1546 582 nunxnnnmnr.

445 695 478 744 et
491 675 695 744 Alexandria
716 670 957 742 nemonoc.
987 671 1188 742 AGKATH.
1245 685 1315 749 ert,
1343 693 1438 758 quant
1467 673 1558 758 qnod
1582 671 1633 736 hie
1655 671 1806 736 omnibus
1826 689 1894 734 non
1916 689 1997 736 con·

444 795 479 846 et
494 779 641 846 refertur
655 778 698 844 ad
716 790 789 844 rota
807 776 997 844 decennalia
1012 775 1167 844 Gallieni.
1243 775 1337 858 tigit,
1367 788 1405 844 nt
1423 788 1574 841 votorum
1597 775 1824 842 decennalinm
1846 773 1996 838 licuisset

705 925 728 964 ,
808 877 829 950 ³,
910 921 933 962 3
1244 875 1394 944 tolennia
1428 876 1571 944 noluere.
1623 876 1689 954 At²
1724 875 1873 959 inquies,
1912 875 1990 960 quid

507 985 581 1046 Huc
601 980 712 1044 dietnli
733 977 929 1046 exornando
951 980 1190 1061 palnaerane
1243 977 1371 1059 palmae
1398 997 1491 1042 remo
1519 995 1594 1042 eum
1621 976 1706 1042 rotie
1734 976 1992 1044 decennalibus?

444 1085 479 1145 in
511 1102 587 1148 area
617 1083 718 1163 partie
746 1099 881 1145 araneae
909 1079 1052 1163 plurium
1079 1100 1194 1148 numo-
1246 1077 1438 1161 Expediem.
1482 1079 1617 1146 Contut
1643 1097 1686 1145 ex
1713 1077 1857 1163 copiotia
1884 1080 1992 1144 numia

446 1205 520 1249 rum
541 1182 660 1264 posito.
692 1181 770 1244 Dixi
790 1202 886 1266 eupre
908 1181 940 1242 in
963 1195 1094 1246 moneta
1114 1182 1194 1245 Ale·
1245 1178 1420 1256 Romania,
1458 1177 1492 1240 in
1531 1178 1583 1250 hie
1618 1190 1771 1243 vetorum
1805 1180 1996 1244 solennibus

448 1281 579 1359 reneri,
607 1282 693 1346 hunc
717 1283 845 1366 palmae
867 1301 991 1345 rarnuur
1015 1293 1090 1346 ente
1115 1281 1193 1344 Ale-
1247 1279 1370 1362 aliquae
1392 1277 1558 1350 Victorino
1580 1278 1682 1346 fniaee
1702 1293 1832 1366 parter,
1858 1282 1929 1349 eine
1951 1301 1994 1344 ex

357 1401 360 1408 ’
447 1383 562 1450 xandri
598 1383 771 1468 imperium
806 1402 874 1450 nou
907 1381 1092 1458 chuerum,
1130 1381 1191 1444 rub
1248 1381 1396 1446 inetituto
1415 1381 1482 1444 ritu
1498 1401 1610 1458 carro,
1636 1381 1707 1448 tire
1725 1402 1824 1446 eeneu
1839 1383 1991 1468 quopiam

446 1487 511 1550 lnce
531 1483 828 1554 denumerem
845 1482 1021 1560 invadere,
1048 1483 1109 1548 aed
1126 1484 1194 1566 pri·
1248 1483 1439 1567 allegorico.
1473 1483 1610 1550 Exetnnt
1631 1485 1721 1550 nunti
1736 1483 1915 1574 ‘commodi
1941 1507 1996 1548 an·

448 1584 939 1662 numerumnunerum„
971 1597 1011 1648 et.
1034 1584 1193 1670 deineepa
1247 1586 1282 1646 ni
1303 1586 1344 1652 V.
1360 1584 1396 1654 C.
1419 1583 1514 1664 eeu„
1543 1584 1578 1650 in
1607 1584 1723 1668 quibua
1754 1585 1900 1651 Victoria
1927 1585 1995 1668 ely·

448 1701 636 1753 cenetanter
671 1689 711 1750 iir
745 1688 925 1763 intertum,
961 1700 1057 1771 atque
1095 1687 1193 1754 etiem
1247 1707 1319 1770 pec·
1334 1706 1434 1768 cuper
1453 1685 1581 1767 palmae
1602 1698 1720 1751 trunco
1747 1687 1856 1768 ponito
1881 1687 1997 1750 inreri-

448 1805 533 1866 tum,
563 1811 638 1854 curn
666 1788 699 1848 in
724 1808 838 1852 eterra
864 1787 928 1868 jam
958 1802 1061 1851 exetat
1087 1789 1191 1870 ligure
1248 1787 1296 1850 bit
1322 1787 1397 1874 VO.
1423 1787 1495 1851 DE.
1523 1785 1557 1848 id
1585 1799 1651 1849 erte
1687 1788 1790 1856 VOta
1816 1787 1995 1852 DEcertnc·

447 1893 575 1972 palmae
606 1910 734 1954 rantum
757 1902 893 1964 tenent,
920 1890 1010 1979 pelut
1035 1888 1191 1954 Victoria.
1248 1892 1308 1953 liu.
1353 1892 1390 1950 lu
1427 1887 1535 1956 nnnir
1570 1887 1757 1952 caracallae
1789 1889 1830 1956 V.
1853 1889 1890 1957 C.
1923 1910 1995 1972 97⁰·

448 1993 553 2056 Abeet
575 1991 694 2056 deinde
722 2010 765 2052 cx
791 1989 897 2052 numia
919 1990 1067 2052 omnibus
1089 2011 1192 2075 usque
1248 1991 1395 2056 Victoria
1421 1989 1520 2053 armie
1545 1989 1691 2051 insident
1713 1991 1865 2072 clypeum
1888 2004 1994 2068 tenet,

448 2094 488 2156 ed
522 2093 728 2168 Gallienum,
765 2083 861 2175 etque
895 2091 993 2153 etiam
1029 2090 1063 2151 in
1097 2091 1192 2172 hujue
1249 2093 1303 2157 cui
1335 2091 1526 2174 inscriptum
1560 2089 1667 2158 VOT.
1695 2092 1768 2157 xx.
1811 2092 1993 2156 Praetereo

449 2193 557 2258 numia
590 2215 656 2257 non
688 2202 856 2273 comperet
883 2201 958 2253 ente
987 2191 1027 2253 L.
1048 2192 1093 2267 1.‚
1133 2189 1194 2254 ced
1249 2193 1319 2276 ejnt
1357 2191 1489 2274 genecio
1523 2191 1694 2256 innumera
1730 2193 1880 2276 exempla
1916 2193 1994 2268 alia,

447 2295 577 2356 minore
595 2293 628 2354 in
646 2294 696 2356 hie
712 2291 893 2374 religione,
916 2311 1011 2374 quarn
1032 2292 1065 2352 in
1086 2291 1194 2356 menie
1247 2314 1287 2358 ac
1313 2295 1488 2376 praecipue
1511 2291 1676 2356 inferioris
1699 2295 1772 2357 aeri
1790 2295 1930 2370 aureos,
1960 2295 1993 2354 in

450 2394 650 2472 Alexandri3
674 2413 747 2454 na·
764 2411 826 2473 per
845 2393 987 2456 annoel.
1004 2407 1038 2458 et
1054 2393 1113 2458 IA.
1131 2407 1196 2458 eta-
1249 2395 1365 2482 qnihue
1394 2394 1465 2458 fere
1493 2395 1608 2462 unicui
1635 2407 1730 2478 typne
1760 2395 1905 2464 Victoria
1930 2395 1995 2476 cly-

450 2496 593 2568 tionem,
623 2506 658 2556 nt
679 2493 788 2568 lubet,
816 2491 957 2568 deterit,
986 2514 1080 2576 quem
1103 2493 1196 2559 dein«
1249 2518 1347 2580 penrn
1377 2509 1495 2560 tenena
1523 2515 1597 2560 cunr
1628 2511 1779 2562 votorum
1817 2495 1994 2560 mentione.

450 2615 528 2678 cepe
557 2593 634 2658 inde
658 2615 676 2658 a
702 2595 741 2657 L.
759 2591 814 2657 lB.
847 2613 952 2677 neque
984 2595 1025 2660 ad
1051 2595 1195 2662 Gallieni
1249 2601 1375 2661 Horum
1405 2617 1486 2678 ergo
1515 2609 1664 2661 votorum
1695 2612 1730 2660 ut
1756 2600 1912 2681 perennia
1940 2619 1997 2686 err-¹

451 2697 574 2757 exitum
591 2707 778 2758 constanter
794 2694 931 2768 retinet,
957 2695 1017 2760 niei
1032 2694 1123 2759 forte
1140 2709 1195 2758 aut
1250 2712 1352 2762 etaret
1370 2699 1546 2775 memoria,
1572 2699 1785 2765 Alexandrini
1803 2703 1929 2784 palmae
1945 2722 1995 2764 ra·

450 2796 597 2862 Victoria
619 2809 674 2858 eut
695 2793 804 2878 aquila
827 2793 1013 2878 adjunctum
1040 2798 1102 2879 jam
1128 2799 1197 2880 pal·
1250 2821 1358 2876 munt,
1386 2801 1441 2864 uni
1461 2799 1537 2864 iere
1558 2802 1724 2870 Victoriae
1752 2805 1920 2886 proprium
1949 2817 1997 2866 tt-

449 2916 521 2958 mae
555 2910 679 2958 ramum
714 2896 843 2962 habent.
887 2896 977 2958 ldem
1013 2911 1047 2960 et
1079 2899 1196 2964 eadent
1250 2901 1424 2976 tributum,
1453 2900 1530 2965 inde
1560 2923 1579 2966 a
1609 2915 1757 2988 tempore
1786 2919 1997 2989 peractorum

449 3000 528 3082 lege
567 2995 711 3060 offerunt
746 2997 836 3061 nunni
867 2999 978 3062 uxoria
1009 2999 1193 3064 saloninae.
1251 3003 1478 3084 decennalium
1501 3017 1652 3068 monetae
1675 3027 1752 3070 euae
1775 3005 1891 3070 eedulo
1913 3008 1998 3069 intu-

450 3098 531 3161 Inde
553 3120 570 3160 a
593 3097 743 3163 Gallieno
770 3121 878 3162 ramue
908 3099 962 3162 ltin
992 3120 1034 3164 ex
1065 3117 1194 3164 moneta
1251 3104 1371 3192 lerupt.
1413 3105 1594 3190 Antequam
1625 3107 1701 3172 hine
1730 3107 1832 3185 abeo,
1861 3127 1997 3192 uteren-

450 3199 671 3264 Alexandrina
707 3201 838 3278 exulat,
861 3201 1041 3270 ,rediturus
1074 3204 1193 3268 iterum
1251 3207 1310 3270 due
1336 3208 1459 3281 lector,
1490 3205 1666 3270 secundum
1697 3207 1803 3272 veriet
1831 3210 1996 3296 catalogos
2036 3282 2043 3295 .

450 3301 510 3366 enh
540 3303 767 3378 Diocletiano,
807 3303 865 3368 aed
891 3304 933 3368 in
966 3304 1031 3368 huc
1062 3327 1193 3390 quoqne
1249 3307 1336 3370 hunc
1365 3329 1493 3372 rantum
1520 3309 1583 3391 jann
1613 3329 1687 3372 cnm
1716 3311 1806 3373 annia
1827 3309 1866 3374 B.
1890 3310 1929 3378 Δ.
1951 3307 1994 3372 Η.

450 3403 527 3470 inde
549 3425 568 3468 e
593 3404 631 3464 L.
650 3404 693 3476 1.,
720 3402 864 3467 faetidito
892 3405 1006 3488 quonia
1031 3427 1115 3468 enno
1139 3429 1194 3470 an·
1250 3421 1313 3470 etc.
1336 3409 1492 3490 copulari.
1535 3409 1604 3478 Sed
1631 3409 1748 3476 hornan
1779 3411 1877 3476 velim
1905 3433 1998 3497 pree·

449 3506 587 3568 leniore.
631 3503 713 3566 Cum
732 3522 823 3584 ergo
855 3519 1014 3589 perpetua
1041 3507 1118 3586 lege
1149 3509 1194 3570 ei-
1252 3507 1356 3569 coniie
1378 3506 1523 3587 diffidas,
1552 3525 1589 3575 et
1617 3513 1723 3594 potuit
1749 3511 1830 3579 riri·
1859 3514 1995 3581 eruditio

451 3605 603 3676 deumne,
635 3599 757 3666 dictum
785 3623 910 3666 remum
938 3625 1023 3668 anne
1055 3607 1195 3687 priunum
1251 3605 1338 3670 idern
1360 3608 1531 3688 accidere,
1560 3611 1649 3695 qnod
1670 3615 1770 3690 nihi,
1800 3617 1856 3702 qui
1883 3616 1916 3677 in
1945 3638 1997 3680 ca-

452 3707 493 3770 x.
522 3704 704 3787 pullulare,
741 3721 878 3768 necuere
909 3717 977 3780 eet,
1017 3724 1093 3770 euna
1129 3727 1194 3769 nnn
1250 3709 1363 3793 talogo
1391 3712 1497 3774 mueei
1517 3714 1672 3778 Caeearei
1693 3717 1834 3782 Gallieni
1864 3739 1996 3782 nautum

450 3803 639 3884 ὶδιαφορως,
675 3799 735 3864 aed
765 3821 806 3866 ex
838 3817 928 3869 certa
959 3805 1066 3890 aliqua
1099 3827 1194 3878 canet
1250 3813 1534 3897 promulgaverant
1553 3836 1625 3879 cunt
1647 3817 1685 3879 L.
1701 3815 1741 3882 Γ.
1759 3817 1912 3884 edetituto
1929 3819 1997 3903 pal·

450 3907 499 3969 aie
530 3905 637 3986 npmie
665 3905 834 3968 incertum.
878 3906 1071 3974 Nullatenue
1103 3908 1195 3973 dnbi-
1251 3932 1323 3978 mae
1348 3935 1461 3993 rento,
1487 3915 1546 3982 red
1568 3918 1624 4002 qui
1645 3919 1790 3986 necundo
1818 3945 1835 3986 e
1864 3941 1918 3988 nte
1947 3922 1993 3983 in·

452 4023 539 4083 tenu,
567 4017 762 4070 renovatam
794 4007 857 4070 hoc
885 4007 997 4091 rigillo
1026 4013 1197 4092 quotannis
1250 4029 1384 4097 epectne
1398 4037 1461 4079 non
1477 4033 1607 4102 gravate
1626 4021 1662 4080 L.
1677 4017 1732 4086 ΙΓ.
1750 4023 1920 4104 proferena
1934 4037 1993 4090 ert.

454 4107 644 4176 memoritur
671 4119 819 4174 totorum
836 4106 1069 4176 decennaliutn
1094 4111 1198 4177 felici-
1252 4115 1348 4178 Addo
1380 4139 1511 4183 nnntunr
1542 4123 1742 4190 Domitianni
1777 4126 1923 4205 tyranni,
1961 4125 1993 4186 in

453 4227 504 4274 ter
520 4213 721 4284 eolutornrn,
741 4229 824 4292 quae
840 4212 1004 4274 communi
1018 4233 1079 4296 per
1092 4227 1194 4278 toturn
1252 4235 1318 4300 quc
1336 4217 1389 4281 hic
1407 4240 1515 4286 remur
1536 4243 1608 4286 curn
1630 4225 1668 4288 L.
1684 4223 1722 4289 B.
1743 4225 1900 4311 jungitur·
1929 4224 1994 4292 Ve-

452 4313 625 4396 imperium
654 4311 816 4396 religione
845 4312 1007 4378 celebrari
1033 4335 1103 4378 moe
1124 4317 1195 4382 init.
1251 4339 1324 4384 rum
1341 4319 1374 4382 in
1393 4320 1457 4386 hoc
1476 4343 1575 4387 nunno
1597 4324 1691 4408 plura
1711 4327 1774 4392 elie
1795 4341 1887 4404 runt,
1912 4347 1993 4412 quae

453 4417 535 4480 Natu
558 4413 584 4479 ei
605 4413 692 4478 nliud
714 4413 890 4500 tignifinat,
913 4437 972 4478 cur
992 4418 1026 4482 in
1049 4431 1097 4480 tot
1118 4419 1202 4486 elio.
1252 4421 1348 4484 ritum
1373 4440 1522 4490 monetae
1542 4427 1781 4494 Alexandrinae
1803 4429 1993 4517 infringunt,

452 4539 524 4581 rum
565 4517 799 4598 imperatorum
840 4517 965 4592 numia,
1008 4519 1195 4592 Maximini.
1251 4539 1377 4588 utmou
1395 4526 1526 4609 patebit.

453 4615 627 4692 Gordiani,
654 4615 898 4700 Philipporum,
925 4619 1020 4682 Decii
1042 4636 1105 4687 etc.
1130 4644 1194 4686 non
1512 4677 1533 4715 .
1616 4633 1634 4668 ⁴
1719 4681 1738 4720 .

446 4719 645 4804 ¹routpanet?
679 4718 771 4800 cujut
804 4738 881 4784 eane
912 4718 973 4782 alia
1005 4741 1099 4784 cauea
1129 4744 1194 4786 non
1314 4689 1401 4796 Anni
1421 4731 1455 4794 in
1474 4732 1616 4798 Gallieni
1638 4739 1746 4801 nuntie
1768 4738 1996 4820 praedicantur
