4468 5568
469 625 476 636 ι
565 543 643 615 DE
677 537 798 621 POP.
833 541 907 612 ET
940 540 1063 614 Villi.
1092 539 1406 616 Neocotttss
1690 561 1762 628 303

212 711 332 779 lerinii.
377 711 420 776 At
451 711 560 791 enim,
592 711 780 789 virbone,
815 709 843 772 si
872 707 958 772 istud
1015 729 1097 794 que,
1117 707 1157 772 ad
1176 711 1385 776 scribendum
1404 711 1759 798 continuosggrediasg

212 817 368 880 hactenus
390 839 409 878 a
430 815 562 879 nemine
590 828 641 878 est
662 813 894 888 observatum,
923 812 957 871 in
1015 829 1216 899 augeamque
1262 813 1523 879 dissertationum
1566 815 1760 880 'fasciculum

212 939 308 984 causa
340 927 410 994 est,
449 915 536 1000 quod
572 915 634 1001 ipsi
672 916 707 978 lti
735 913 824 978 numi
861 911 956 996 plane
1013 911 1078 995 jam
1095 935 1181 977 nuno
1197 917 1299 980 nimio
1315 919 1490 980 molestum
1508 918 1568 994 iis,
1592 917 1647 1001 qui
1664 917 1761 998 hujus

212 1020 409 1086 contrarium
438 1019 568 1082 docent.
613 1017 721 1088 Vnum
750 1015 957 1099 eundemque
1013 1027 1161 1102 uptus-am
1177 1017 1263 1081 tituli
1278 1021 1639 1104 cupiuntcognoscere.
1660 1017 1762 1101 Equi·

212 1141 332 1187 annum
353 1119 502 1200 conficit,
533 1132 569 1182 ut
590 1118 751 1196 diximus,
775 1139 841 1198 eo,
870 1117 958 1200 quod
1015 1116 1089 1179 'dem
1118 1137 1184 1180 non
1222 1117 1317 1182 aliam
1355 1122 1505 1184 existimo
1536 1118 1759 1206 quaestionem

213 1223 273 1287 aab
303 1221 422 1290 eodem
443 1222 532 1284 liufo
555 1222 743 1298 Archonte,
774 1221 830 1307 qui
860 1219 958 1302 magi·
1014 1217 1162 1283 Minerva
1188 1221 1294 1283 minus
1321 1223 1461 1307 propitia
1483 1245 1500 1286 a
1522 1223 1601 1288 viris
1623 1219 1759 1284 eruditis

213 1338 333 1392 amatus
354 1337 477 1389 annuus
504 1322 584 1400 luit,
607 1323 736 1406 legatur
756 1335 792 1384 et
808 1317 846 1386 B.
865 1335 898 1385 et
916 1316 946 1381 Γ
947 1367 956 1384 .
1015 1319 1183 1402 agitatam,
1206 1303 1313 1406 neone
1335 1320 1470 1386 alterius
1490 1323 1688 1408 quaestionis
1710 1343 1760 1384 ar·

215 1422 500 1491 Nenttot’nttt.
542 1425 668 1492 Verum
702 1443 769 1487 nou
806 1419 957 1498 advertit,
1016 1434 1168 1508 garganta
1184 1423 1309 1508 majore
1327 1423 1454 1502 taedio,
1476 1439 1509 1488 et
1528 1424 1674 1489 satietate
1691 1423 1761 1508 legi

211 1526 384 1612 inquibus
412 1527 519 1588 numia
548 1525 653 1588 liuius
683 1523 802 1587 dicitur
825 1519 957 1585 Archon
1013 1521 1232 1606 expendique.

216 1627 428 1711 simpliciter,
451 1625 625 1691 Sardianos
647 1625 713 1690 dici
732 1623 771 1690 B.
790 1623 959 1702 Nruxoeuc,
1079 1625 1205 1700 lutat,¹
1226 1644 1310 1708 quae
1330 1627 1432 1688 latius
1459 1625 1559 1689 modo
1588 1624 1758 1708 disputari,

213 1744 249 1796 et
269 1728 443 1814 inquibus
461 1728 594 1792 Archon
618 1725 691 1793 TO.
719 1723 759 1796 Β.
779 1726 856 1788 rel:
888 1723 957 1784 TO.
1015 1727 1127 1810 paucis
1144 1725 1253 1788 ver‘bis
1268 1726 1462 1810 complecti,
1483 1737 1519 1788 tit
1534 1727 1675 1789 arctiore
1697 1728 1759 1790 ltsc

213 1825 244 1892 Γ
246 1873 275 1908 .,
307 1848 366 1894 cos
388 1829 454 1892 dici
472 1825 513 1890 Γ.
534 1825 703 1908 Νεωκοςυς.
746 1823 857 1918 Quure
885 1846 959 1890 cum
1016 1827 1317 1910 circumscriptione
1339 1829 1490 1893 universa
1511 1848 1626 1893 causae
1647 1830 1763 1910 cogui-
1863 1871 1868 1876 -

214 1930 306 1996 numi
339 1929 375 1992 hi
406 1930 489 1994 intra
527 1929 634 1994 varios
670 1928 874 2013 magistratus
909 1925 959 1989 sui
1016 1929 1081 2006 tio,
1104 1920 1172 1992 tum
1201 1947 1283 2012 quae
1312 1941 1421 2004 certa,
1451 1949 1599 2015 quaeque
1620 1929 1759 2005 incerta,

214 2052 315 2097 annos
336 2031 401 2094 sint
423 2031 588 2114 percussi,
623 2051 760 2094 necessa
790 2041 840 2091 ost
862 2027 959 2092 etiam
1016 2030 1350 2112 continuoappareut.
1390 2031 1500 2110 Euesa
1520 2031 1657 2093 neocori
1680 2045 1762 2093 tem·

215 2148 343 2200 auctum
367 2153 481 2196 eorum
504 2146 715 2195 neocoratum
747 2151 813 2194 non
841 2129 875 2191 in
905 2149 960 2192 au·
1016 2132 1146 2214 plorum
1165 2130 1325 2208 ministri,
1347 2129 1507 2214 principio
1525 2131 1609 2196 siles
1629 2131 1760 2214 abjecti·

214 2257 292 2300 num
314 2252 412 2300 unum
443 2233 670 2318 eundemque,
704 2233 764 2296 sed
792 2231 958 2295 diversum
1016 2255 1080 2319 que
1106 2235 1179 2317 ipso
1210 2234 1350 2295 nominis
1372 2231 1514 2308 indicio,
1550 2231 1657 2296 addita
1687 2234 1763 2296 sub·

214 2337 370 2404 incidere.
415 2331 639 2426 Quaecunque
660 2333 761 2418 igitur
786 2333 828 2399 ad
857 2333 959 2418 expli·
1014 2335 1092 2398 iude
1115 2332 1270 2418 dignitas,
1294 2334 1341 2395 sic
1363 2347 1582 2398 ut'neocerus
1604 2357 1622 2397 u
1644 2355 1761 2418 procu·

216 2439 350 2506 caudam
386 2439 469 2501 hauc
507 2457 635 2501 causam
666 2437 795 2513 attulit,
831 2448 959 2498 temere
1015 2450 1125 2499 satore
1150 2432 1370 2516 templorum,
1400 2435 1693 2515 caerimoniarum,
1714 2459 1762 2500 ss·

215 2555 289 2607 aunt
315 2541 352 2602 in
373 2537 519 2602 cltartsm
541 2538 715 2622 conjecta,
746 2559 764 2599 a
794 2557 847 2600 me
879 2557 960 2600 rere
1016 2535 1216 2602 orificiorum
1256 2555 1322 2598 non
1364 2535 1526 2601 differret.
1582 2534 1692 2630 Quare
1728 2551 1763 2601 et

216 2644 314 2708 etiam
334 2640 640 2716 commemoranda,
671 2658 714 2702 ne
736 2639 898 2706 incautior
915 2637 959 2702 al·
1017 2637 1182 2722 principes
1204 2635 1332 2700 urbium
1355 2637 1559 2721 magistratus
1580 2659 1646 2700 nou
1672 2638 1762 2700 dubi·

217 2761 270 2811 ter
293 2744 363 2828 ejus
385 2743 447 2808 viri
468 2741 659 2806 auctoritate
681 2739 714 2802 iu
742 2737 891 2804 fraudem
913 2739 961 2802 in·
1016 2739 1150 2817 tabant,
1194 2751 1430 2817 neocoratum,
1475 2760 1539 2824 quo
1591 2754 1764 2824 praeterea

216 2849 363 2914 ducatur.
1017 2839 1158 2925 praediti
1188 2841 1305 2917 luere,
1338 2861 1410 2904 cuns
1437 2841 1573 2924 reliquis
1597 2843 1663 2906 suis
1689 2844 1763 2905 titu-

280 2952 394 3012 Meum
421 2931 562 3027 denique
592 2941 627 3004 iu
663 2955 837 3026 praesente
866 2961 961 3006 causa
1017 2944 1058 3006 lis
1096 2944 1130 3005 in
1167 2942 1273 3004 numia
1312 2941 1593 3025 marmoribusque
1630 2945 1763 3028 coujun-

215 3050 372 3136 judicium
396 3047 425 3110 si
451 3045 522 3128 quis
549 3043 712 3127 requirat,
741 3043 769 3105 is
790 3043 896 3117 norit,
924 3041 962 3105 il·
1018 3064 1112 3128 gere.
1158 3045 1271 3106 Serius
1294 3045 1425 3126 populi,
1447 3045 1657 3127 civitatesque
1681 3046 1764 3108 inte·

216 3153 273 3218 lud
299 3149 341 3217 alt
376 3147 532 3210 laactenua
562 3143 700 3230 vulgatis
735 3143 857 3229 oppido
887 3163 960 3206 esse
1018 3165 1121 3232 grae,
1152 3159 1188 3206 ut
1209 3144 1341 3227 publice
1372 3145 1526 3226 pietatem
1555 3166 1645 3208 suam
1667 3158 1763 3210 testa·

217 3255 397 3320 diversum.
441 3249 477 3311 st
493 3247 564 3311 aliis
582 3267 601 3310 e
623 3267 660 3309 re
682 3247 803 3326 visum,
824 3265 901 3308 snae
919 3243 961 3308 de
1017 3259 1149 3321 rentur,
1171 3265 1207 3308 se
1224 3246 1389 3307 numinum
1406 3264 1539 3307 suorum
1553 3245 1668 3309 dixere
1683 3267 1763 3310 neo·

215 3357 281 3421 hoc
315 3365 508 3438 argumento
546 3347 727 3413 sententiae
764 3347 961 3431 conjecturis
1018 3368 1130 3424 corus,
1160 3345 1248 3432 quod
1270 3344 1311 3408 de
1331 3345 1483 3428 Ephesiis
1506 3361 1540 3410 et
1554 3347 1762 3432 Magnetibus

217 3459 319 3541 longe
342 3453 527 3528 arcessitis,
557 3451 710 3534 nullaque
735 3464 790 3514 aut
809 3449 962 3533 pertenui
1017 3450 1127 3514 Ioniae
1145 3447 1266 3512 diserte
1285 3461 1445 3514 tenemus.
1489 3447 1645 3514 Civitates
1660 3449 1762 3538 Ggrse·

220 3559 411 3627 anctoritate
437 3553 521 3618 nixis
543 3550 643 3616 fidem
661 3552 800 3628 -lacere,
829 3571 872 3613 ex
895 3571 960 3636 quo
1017 3554 1087 3615 ciae
1117 3553 1273 3615 Romanis
1309 3552 1434 3630 servire
1469 3563 1626 3626 coactae,
1664 3564 1762 3638 atque

217 3655 304 3726 istud
348 3657 489 3743 denique
527 3655 721 3730 obtinuere,
761 3665 796 3716 ut
832 3673 960 3718 causatu
1017 3653 1178 3717 Asiaticae
1201 3652 1395 3737 praecipue,
1424 3673 1466 3715 ne
1490 3652 1617 3715 minore
1643 3657 1762 3739 princi-

218 3777 329 3848 suapte
376 3761 552 3845 implexam
598 3757 806 3820 involverent
846 3757 960 3839 magis,
1018 3776 1077 3840 pes
1103 3775 1179 3817 suus
1216 3755 1361 3832 lrouore,
1394 3767 1489 3841 quam
1515 3773 1647 3822 veteres
1672 3757 1762 3820 urbis

218 3885 314 3955 qnam
330 3863 549 3948 explicarent,
572 3873 603 3922 at
618 3859 698 3922 mihi
713 3859 871 3941 majorum
888 3859 962 3920 irri-
1019 3877 1096 3920 suae
1117 3858 1269 3921 custodes
1292 3857 1372 3920 deos
1393 3855 1536 3922 adlicere
1560 3859 1760 3937 riderentur,

217 3984 270 4034 tos
292 3982 426 4033 conatus
448 3961 533 4048 apud
552 3957 695 4027 animum
718 3961 881 4046 reputanti
901 3961 962 4026 uti·
1018 3959 1204 4044 petierunt,
1230 3971 1277 4045 ,ut
1300 3957 1361 4019 silai
1387 3979 1429 4022 ex
1451 3973 1583 4024 senatus
1612 3963 1761 4026 consulto

218 4073 280 4136 lius
313 4069 481 4142 videatur,
519 4085 585 4128 nou
612 4064 743 4151 quidem
773 4065 844 4148 ejus
868 4064 962 4127 omit·
1017 4063 1135 4126 liceret
1155 4079 1232 4124 esse
1254 4061 1407 4124 neocoris
1437 4063 1507 4144 ejus
1536 4064 1672 4147 alicujus
1696 4065 1761 4148 Asa·

198 4187 289 4238 'tere
310 4189 501 4245 censuram,
531 4165 591 4231 sed
625 4164 763 4230 differre
793 4165 960 4249 judicium,
1018 4165 1122 4250 gusti,
1157 4163 1248 4243 cujus
1270 4163 1332 4224 sibi
1357 4162 1523 4227 demereri
1547 4167 1681 4249 gratiam
1703 4169 1762 4231 im·

217 4276 324 4343 donec
342 4285 474 4358 reperta
489 4291 572 4333 nove
589 4281 816 4346 monuments,
838 4281 892 4331 cut
910 4289 962 4332 ao·
1018 4265 1149 4352 pensius
1168 4263 1333 4328 studuere.
1357 4262 1432 4363 Quo
1455 4285 1473 4328 a
1492 4280 1605 4330 senet!
1626 4271 1762 4352 permis·

217 4377 284 4444 lida
312 4398 377 4463 qua
401 4375 486 4438 ratio
513 4371 697 4436 feliciorem
724 4371 835 4453 jubeat
865 4389 961 4436 evcn-
1017 4390 1054 4434 so
1069 4389 1213 4450 coepere
1229 4368 1260 4428 in
1278 4367 1383 4429 numia
1401 4365 1548 4430 scribere
1565 4377 1636 4454 v.'g.
1650 4365 1761 4432 etbe-

217 4495 286 4543 tnm
303 4497 457 4564 sperare,
479 4494 587 4558 neque
603 4493 668 4557 ego
688 4473 812 4536 nullam
833 4473 873 4536 ab
889 4493 961 4537 eru·
1018 4469 1150 4535 (ΒΙΩΝ.
1174 4465 1460 4532 ΝΕΩΚΟΡΩΝ.
1489 4487 1608 4552 nempe
1630 4473 1761 4548 Cadur-u,
1845 4521 1854 4552 ,

218 4583 286 4646 dito
311 4582 442 4645 lectore
467 4574 602 4641 conlido
630 4575 785 4637 initurum
815 4573 961 4659 gratiam,
1018 4573 1073 4642 ve‘l
1097 4595 1154 4632 rus
1179 4569 1330 4643 (ἕεβαςων.
1371 4565 1467 4660 Quae
1488 4569 1658 4658 hucusque
1683 4573 1761 4651 dixi,
1863 4583 1868 4594 ”

217 4687 246 4747 si
269 4703 355 4761 non,
385 4681 492 4746 oblata
523 4679 632 4744 auimo
661 4695 765 4740 novae
793 4673 962 4740 doctrinae
1019 4689 1108 4740 certa
1137 4691 1335 4744 rumorum,
1373 4691 1592 4748 marmorum,
1626 4676 1763 4759 scripto·

218 4787 382 4870 imagine,
417 4797 511 4868 aptae
533 4782 567 4843 iu
599 4779 742 4865 speciem
770 4780 963 4842 concinnae·
1019 4799 1092 4842 rum
1125 4771 1315 4842 auctoritate
1345 4772 1503 4840 nituntur.
1561 4777 1667 4840 Nemo
1704 4791 1765 4856 est,
