4372 5556
521 579 592 648 150
1109 545 1483 624 zovenano

520 731 609 821 gitur
630 741 765 798 curante
799 726 884 790 illati
897 721 1170 808 (ἐπιμεληθητος)
1199 719 1266 783 hoc
1324 721 1423 782 uere?
1443 717 1491 781 nic
1511 729 1548 780 nt
1565 737 1679 806 senene
1699 715 1759 778 ait:
1781 718 1820 777 A.
1838 720 1884 782 tt.
1902 717 2076 780 GEMEL-

519 836 575 905 rel
593 835 672 912 illo,
695 833 786 916 cnjne
806 826 956 911 exempla
976 824 1095 908 peeaim
1118 833 1268 908 praetant
1324 819 1410 888 [ΝΒ
1442 821 1520 885 rel:
1551 821 1590 883 T.
1614 819 1650 880 C.
1676 818 1833 886 RVFVS.
1866 821 1929 884 boa
1959 840 2076 882 numoa

518 939 553 1004 in
575 933 797 1000 Miscellaneie
826 927 961 1013 specii,
991 939 1045 989 ant
1074 945 1139 1010 quo
1167 921 1266 987 modo
1324 923 1497 1000 utendos,
1512 921 1568 986 rel
1583 919 1792 1010 Feriundos.
1807 920 1863 986 vel
1882 922 2078 986 Faciundos

518 1041 559 1104 L.
578 1037 669 1101 satta
691 1049 841 1117 tempore
862 1029 944 1092 belli
963 1026 1179 1091 Mithridatici
1200 1045 1269 1089 mo·
1325 1023 1489 1099 curante,
1516 1022 1717 1084 Decuriones
1743 1022 1941 1087 Probuuere.
1998 1023 2078 1088 Con·

519 1151 629 1207 uenam
658 1138 692 1200 in
713 1135 945 1217 Peloponneso
965 1128 1061 1193 ieriri
1081 1126 1175 1210 inanit
1194 1143 1272 1208 pro·
1328 1137 1391 1190 atat
1411 1145 1453 1189 ox
1475 1123 1659 1201 veteribus,
1681 1145 1781 1208 opera
1803 1123 1958 1208 publica,
1984 1145 2076 1210 qnae,
2153 1166 2154 1175 κ

521 1251 656 1312 curante
686 1257 767 1320 opne
793 1233 879 1298 iatnd
903 1228 1067 1307 Lucullo,
1098 1240 1135 1289 nt
1159 1237 1271 1289 narret
1327 1240 1364 1290 nt
1380 1225 1638 1311 perficerentur,
1661 1225 1783 1288 elocuta
1800 1225 1916 1303 inere,
1935 1227 2077 1292 anbinde

520 1333 715 1402 Plutarchut
731 1338 772 1415 Ι).
1327 1350 1346 1391 a
1367 1326 1556 1411 magistratu
1587 1324 1687 1388 initae
1710 1327 1912 1402 examinata,
1943 1329 2079 1414 inquiri·

530 1507 533 1512 ,
585 1441 723 1501 Restant
743 1431 953 1520 explicandae
976 1429 1092 1494 literae
1110 1431 1184 1495 DI).
1202 1429 1270 1496 PP.
1327 1443 1481 1513 tumque,
1499 1448 1539 1490 an
1553 1427 1597 1490 ati
1608 1428 1844 1512 praeecriptnm
1862 1429 1993 1498 inerint
2007 1451 2078 1494 con·

522 1541 577 1606 vel
601 1541 668 1602 1³1².
692 1540 767 1604 ΠΙ).
816 1537 882 1597 Eae
908 1533 971 1616 jam
1001 1532 1140 1622 vidimus
1172 1551 1270 1613 anpra
1327 1533 1424 1596 fecta.
1466 1529 1579 1597 bivine
1611 1527 1664 1610 b):
1694 1531 1745 1592 Eo
1769 1551 1857 1593 anno
1887 1535 1926 1600 0.
1953 1535 2079 1598 Furius

522 1643 556 1706 iu
579 1641 775 1722 Carthagine
798 1640 885 1700 inter
905 1654 1021 1697 nomon
1050 1635 1126 1696 hnic
1152 1631 1228 1694 urbi
1251 1652 1271 1693 a
1330 1634 1489 1708 Pacilus,
1519 1645 1553 1694 et
1580 1633 1633 1696 M.
1673 1629 1845 1714 Geganius
1875 1635 2079 1698 Macerinus

478 1777 482 1782 ·
522 1742 688 1808 nonnuliis
715 1740 854 1804 tributos
878 1739 992 1801 indeo
1015 1754 1155 1798 numero
1178 1733 1199 1794 8
1220 1752 1273 1792 nn·
1327 1755 1479 1798 censores
1495 1733 1609 1796 villum
1620 1733 1789 1815 publicam
1805 1735 1841 1794 in
1856 1753 1973 1818 eampo
1988 1737 2079 1798 Mar·

522 1844 649 1930 quenti
674 1853 736 1920 14,
768 1843 802 1904 in
824 1840 941 1926 quibua
962 1859 1096 1922 eemper
1117 1831 1271 1898 scribitur
1329 1840 1377 1899 tio
1396 1835 1632 1922 probauerunt.¹
1669 1831 1760 1896 idem
1784 1832 1864 1896 cithi
1886 1837 1939 1916 ο)ι
1964 1839 2078 1900 Peten-

521 1949 589 2012 PP.
610 1945 705 2020 ult..
727 1957 762 2007 et
781 1944 856 2007 iere
877 1960 1010 2022 semper
1028 1941 1064 2000 iu
1083 1934 1193 1998 medio
1212 1955 1272 1994 uu·
1328 1939 1418 2002 tibus
1431 1933 1639 2014 censoribus,
1658 1947 1696 1996 ut
1713 1955 1757 1997 eu
1773 1939 1933 2000 instituto
1949 1941 1999 2002 ud
2011 1958 2079 2002 sor·

523 2047 569 2111 mi
582 2047 659 2112 loco
677 2044 764 2128 typi,
781 2041 992 2126 sequiturque
1011 2039 1142 2102 nomina
1156 2037 1274 2098 lirino·
1331 2051 1368 2102 ta
1384 2051 1473 2100 tecto
1487 2040 1670 2118 exigenda,
1689 2047 1722 2100 et
1739 2039 1784 2098 ad
1798 2057 1915 2119 opera,
1932 2058 2020 2118 pune
2035 2041 2078 2102 lo·

524 2170 609 2214 rom.
651 2150 688 2208 ln
712 2144 920 2212 Vticensihna
949 2142 1070 2204 nostrie
1099 2135 1273 2201 eorihiturt
1331 2149 1481 2214 cessent,
1498 2140 1767 2217 probanduanni
1781 2151 1812 2199 et
1828 2139 1987 2205 bimensis
2003 2157 2078 2203 tem·
2151 2100 2157 2209 i

526 2254 566 2314 t.
580 2252 627 2312 tt.
641 2245 894 2312 GEMELLVS.
919 2242 991 2308 rel:
1011 2244 1050 2306 T.
1063 2239 1099 2304 C.
1117 2237 1273 2305 ervs.
1327 2249 1712 2323 pusprorogoreturetc.
1735 2237 1872 2302 Ovidius
1887 2238 2074 2327 loquensde
2149 2269 2157 2327 p

525 2352 564 2414 F.
588 2350 626 2413 C.
650 2348 725 2411 DD.
745 2346 812 2408 ΡΡ.
855 2347 892 2404 ln
913 2355 963 2404 tot
984 2342 1185 2404 coloniarum
1217 2341 1276 2400 nni
1333 2340 1465 2406 condito
1486 2342 1520 2402 in
1539 2339 2076 2428 cuconerculntemptoaitdt:
2150 2342 2156 2380 ²

527 2449 589 2513 mia
620 2447 736 2511 obviae
759 2459 833 2508 annt
862 2445 980 2506 literae
1000 2443 1095 2519 DD.,
1128 2442 1182 2506 rei
1203 2441 1276 2505 Ex.
2154 2515 2155 2518 Ἴ

527 2551 621 2625 ΒΙ).,
644 2567 727 2632 qnae
745 2545 877 2609 nemine
899 2544 1055 2606 hactonus
1070 2557 1275 2628 repugnante
1378 2543 1417 2608 St
1428 2543 1548 2607 titulos
1561 2544 1705 2622 quaeris,
1719 2541 1816 2606 Sulla
1823 2547 1980 2628 probauit
1991 2569 2077 2630 opus.
2154 2523 2155 2580 i

527 2653 614 2716 lecte
632 2663 706 2712 eunt
721 2649 790 2713 Ex.
806 2649 947 2734 Decreta
965 2645 1208 2722 Decurionum,
1229 2646 1277 2707 ni·

528 2754 645 2816 mirum
665 2745 935 2834 praecipientium
955 2745 1125 2829 pecuniam
1143 2745 1275 2828 signari.
1334 2745 1440 2830 Magia
1456 2745 1575 2808 idonea
1591 2745 1790 2830 eloquuntur
1812 2747 1948 2832 lapidea.
1984 2751 2078 2814 Caro·

528 2854 634 2917 Multo
659 2852 694 2913 id
718 2850 838 2914 clarina
862 2847 972 2910 elucet
999 2867 1042 2909 ex
1070 2847 1177 2910 nomia
1200 2847 1278 2913 vici·
1335 2847 1559 2932 loeNeapolia
1581 2846 1729 2912 adhunc
1752 2847 1988 2932 ipeanridii
2011 2872 2079 2918 rer·

529 2975 599 3044 nae
611 2952 762 3028 Bahhae,
790 2950 824 3011 in
846 2948 985 3033 quibua:
1008 2949 1276 3017 DD.·PVBL1C.
1336 2971 1408 3015 tnm
1426 2947 1543 3014 recitat
1560 2968 1721 3012 marmore

477 3073 483 3080 '
530 3057 604 3122 velt
627 3056 700 3119 EX.
723 3051 967 3118 CONSENSV.
993 3051 1114 3129 Duc..
1143 3049 1178 3112 id
1208 3065 1276 3116 eet:

532 3161 676 3223 Decreta
709 3158 934 3218 Decurionum
953 3155 1107 3235 publico,
1129 3153 1204 3218 veit
1235 3171 1279 3217 eu

531 3279 693 3326 consensu
723 3259 956 3330 decurionum,
985 3275 1068 3339 qnae
1099 3254 1279 3340 epigraphe
1488 3257 1534 3321 M.
1564 3253 1785 3321 MANILWS.
1815 3257 1861 3317 Μ.
1893 3257 1931 3323 F.

532 3383 598 3426 non
617 3362 729 3446 utique
753 3354 795 3419 ad
817 3370 947 3440 typum,
969 3369 1025 3418 ent
1044 3369 1197 3432 aternam,
1220 3355 1280 3417 aed
1506 3357 1546 3422 L.
1564 3355 1810 3440 Tvnrthtvs.
1825 3359 1917 3426 1..F.

532 3463 573 3528 ati
598 3461 769 3546 pecuniam
795 3457 972 3521 referenda
994 3470 1066 3532 eat,
1087 3457 1150 3520 nisi
1168 3456 1280 3520 dicere
1600 3456 1820 3525 nvontvffl.

534 3565 692 3638 velintne,
709 3561 847 3644 palmam
863 3558 1034 3634 arborem,
1053 3578 1135 3641 qnae
1155 3559 1187 3619 in
1200 3557 1282 3620 Bab-
1421 3561 1493 3625 DE.
1519 3560 1729 3625 SENATVS.
1753 3560 2002 3626 SENTENTIA

534 3665 595 3728 bae
615 3661 721 3724 nomia
744 3659 879 3734 vinitor,
902 3670 955 3722 ant
980 3658 1099 3724 bovern
1122 3680 1282 3744 cornupe·
1387 3661 1556 3728 AEnEtt.
1584 3662 1855 3727 FACIENDAM.
1885 3666 2034 3728 count

535 3779 599 3828 tam
637 3763 774 3826 decreto
813 3759 1028 3824 decurionum
1065 3761 1166 3824 initae
1197 3761 1283 3844 poei·
1377 3797 1381 3806 ·
1482 3761 1941 3861 VERVNT.E1QEMQVE
2153 3797 2154 3854 p

535 3879 615 3931 tum.
658 3858 897 3927 Praeenntihnt
927 3881 1009 3944 crgo
1040 3863 1091 3926 hia
1117 3863 1224 3926 onmia
1245 3861 1285 3925 li·
1568 3864 1851 3935 PROBAVERE.
2153 3859 2154 3872 ¹

527 3969 656 4064 ¹hentar
677 3965 735 4028 hat
757 3962 966 4026 literae·DD.
988 3964 1055 4028 PP.
1083 3966 1283 4047 explicarem
1340 4051 1344 4060 Ι
1607 3941 1615 3953 “

537 4067 703 4153 legendae
723 4066 864 4127 Decreta
885 4064 1109 4128 Decurionum
1130 4068 1281 4146 Publica,

539 4171 595 4235 ted
615 4168 723 4233 turbat
744 4163 940 4250 geminatum
960 4166 1004 4243 Ρ,
1027 4167 1115 4251 quoti
1140 4170 1284 4233 annititu-
1339 4169 1511 4254 inscriptio
1549 4171 1668 4254 pontia.
1683 4172 1826 4237 Fabricii
1854 4173 1941 4260 apud
1966 4177 2083 4242 Grate-

540 4271 624 4337 dinie
653 4273 732 4334 item
769 4287 941 4330 nnmerum
978 4267 1091 4354 exigit.
1137 4268 1226 4365 Quiri
1255 4272 1283 4335 ai
1339 4293 1412 4335 rom
1436 4273 1465 4352 e)
1489 4271 1546 4336 teti
1569 4293 1664 4357 qnam
1696 4275 1877 4340 correction
1900 4277 2004 4342 edidit
2029 4281 2085 4344 Fa·

539 4372 716 4460 legentium
735 4383 927 4434 statuamus:
946 4372 1150 4436 Decuriones
1165 4377 1284 4454 probo·
1339 4373 1466 4438 brenna
1481 4372 1533 4456 ί),
1555 4373 1636 4440 heec
1656 4375 1774 4440 habet:

580 4599 612 4670 n)
634 4593 813 4654 iuhncnlio.
870 4594 1115 4668 b)L.1v.c.or.
1180 4595 1460 4670 e)1..x1.v.c.1⁵.
1517 4597 1826 4674 metroviam.
1891 4609 2030 4682 &ptoo
2061 4623 2083 4670 3·

544 4689 575 4762 s)
594 4685 729 4762 lneeript.
748 4703 778 4760 p.
792 4693 855 4744 tto.
