4444 5558
681 507 691 521 ’
736 513 929 623 cucco
962 545 1229 620 cucurri.
1703 564 1721 626 τ

187 709 323 776 testibus
344 713 451 777 numia
472 712 687 792 mcxcitstia,
708 712 768 778 sod
786 735 871 801 quos
893 713 934 777 in'
985 713 1113 778 Soteris
1135 727 1168 780 et
1197 733 1293 781 soror
1321 726 1355 778 ct
1387 713 1525 796 conjnx',
1554 731 1628 776 curu
1659 733 1723 798 quc

185 812 255 877 lilio
273 814 487 898 Philadelpho
506 817 750 899 explicabimus.
983 815 1114 882 videtur
1137 817 1260 878 sentire
1285 815 1511 896 Herodianus,
1538 816 1593 896 qui
1614 815 1724 876 Ptole-

248 914 360 978 Annus
390 918 485 1001 regni
513 917 669 981 exhibent
699 917 790 981 numi
810 911 927 984 ultimo
983 936 1111 980 meeum
1135 917 1313 979 Alexandri
1339 933 1565 980 successorem
1587 917 1724 978 sororiis

185 1013 264 1080 loco
283 1017 400 1100 positi,
431 1017 471 1083 ad
496 1039 579 1105 quos
602 1019 679 1084 bina
702 1021 790 1102 jurat
814 1019 927 1085 obser·
982 1019 1148 1082 umoribus
1164 1019 1265 1100 faisse
1282 1018 1480 1100 implicatum
1498 1015 1639 1100 cinti),
1659 1017 1723 1079 Te·

184 1135 281 1194 rare,
297 1121 454 1201 primum,
478 1133 598 1184 tantum
616 1120 656 1184 1is
669 1122 852 1187 Ptolemaei
870 1143 929 1186 no-
982 1133 1032 1186 xte
1061 1121 1217 1184 Pausania
1241 1123 1270 1204 ο)
1307 1120 1423 1204 primis
1461 1118 1581 1202 nuptiis
1610 1117 1721 1200 juncta

184 1219 368 1282 strinxeris
389 1221 486 1304 regui
506 1243 608 1286 annos
628 1225 780 1302 inscribi,
801 1226 835 1287 in
857 1225 928 1310 qui·
982 1220 1044 1292 fuit
1071 1220 1226 1305 Philippo
1261 1219 1401 1304 cuipiam
1429 1217 1624 1297 Macedoni,
1661 1220 1722 1284 sed

182 1318 245 1382 bus
260 1315 493 1384 ΣΩΤΗΡΟΣ
516 1325 629 1389 titulus
646 1327 821 1410 inscriptus
844 1327 928 1411 lagi·
980 1321 1118 1407 ignobili
1134 1336 1169 1404 et
1186 1320 1338 1405 plebeis,
1359 1341 1403 1384 ex
1417 1340 1483 1403 quo
1499 1320 1623 1386 liberos
1642 1341 1721 1404 quo·

183 1433 258 1495 tur,
281 1419 421 1496 deiude,
450 1424 578 1507 quaudo
603 1427 715 1490 titulus
741 1428 794 1492 bic
822 1428 926 1507 adest,
982 1442 1046 1508 que
1075 1421 1205 1496 babuit,
1233 1441 1315 1508 quos
1344 1423 1594 1488 memoravimus
1623 1443 1721 1506 supra

185 1523 317 1586 extrudi
332 1521 471 1599 alterum
484 1519 757 1606 ΒΑΣΙΛΕΩΣ,
774 1542 927 1613 tanquam
981 1523 1016 1586 iu
1042 1523 1197 1589 uxoribus
1220 1522 1355 1604 Soteris.
1399 1523 1553 1588 Ceterum
1583 1522 1721 1588 vocabu·

181 1621 336 1686 nimirum
361 1625 500 1708 dignitas
536 1627 629 1710 regia
664 1633 926 1696 commemoratis
980 1624 1049 1686 lum
1067 1619 1207 1703 Bramme
1229 1626 1284 1690 rei
1302 1623 1442 1706 Βερονικη
1466 1639 1517 1689 est
1539 1645 1602 1708 pro
1622 1622 1723 1706 ‹lngoa

181 1725 278 1810 tegni
294 1726 385 1790 anuis
405 1727 481 1790 satis
500 1741 588 1790 esset
602 1721 763 1794 iudicata.=
980 1747 1063 1802 sesa,
1084 1724 1446 1804 scilicetblscedouum
1470 1747 1582 1804 more,
1604 1727 1660 1812 qni
1683 1727 1721 1788 li·

245 1827 298 1888 De
319 1825 425 1891 literis
441 1825 514 1892 ΕΤ.
529 1823 609 1892 ΠΗ.
626 1843 690 1892 etc.
710 1829 846 1916 aliisque
867 1851 927 1896 uc·
980 1837 1053 1890 tera
1074 1823 1102 1887 Β
1131 1846 1192 1910 pro
1212 1820 1251 1886 (ί)
1274 1827 1323 1908 usi
1338 1840 1431 1904 suut,
1454 1838 1490 1890 ut
1506 1826 1630 1894 diserte
1645 1829 1722 1892 Plu·

183 1927 247 2004 tis,
279 1947 363 2014 quae
397 1949 458 2010 per
486 1949 594 1992 aream
624 1951 796 1994 camorana
829 1931 926 2014 bajas
981 1926 1112 1992 turcbus
1127 1925 1172 2009 d).

181 2027 382 2107 Ptolemaei,
397 2044 431 2094 et
443 2031 648 2114 sequentium
661 2047 834 2116 vagantur,
850 2053 926 2118 age·
963 2109 970 2118 ι

182 2127 707 2218 musiuirapostcmnssregum
725 2155 851 2200 numos.
915 2161 920 2178 ·
1208 2211 1216 2230 ,

1280 2229 1426 2300 Numi:
1453 2298 1457 2306 ,

250 2435 359 2516 Caput
375 2441 465 2514 ragis
482 2439 718 2502 diadematum.
752 2431 926 2504 tnazr-
1047 2427 1196 2528 ΘΕΩΝ.
1242 2437 1362 2521 Capita
1386 2437 1506 2520 jugata
1536 2435 1662 2500 Soteris
1690 2449 1725 2498 at

182 2529 335 2606 ΛΕΩΣ.
358 2533 691 2606 ΠΤΟΛΕΜΑΙΟΤ.
717 2541 825 2626 Caput
842 2547 927 2623 regi·
980 2539 1159 2602 Berenices
1175 2552 1238 2603 etc.
1310 2560 1314 2572 ¹

182 2656 246 2702 nae
266 2639 490 2704 diadematum
509 2643 726 2722 pendentibus
741 2653 831 2704 retro
855 2647 927 2704 cin·
1043 2641 1097 2704 De
1125 2639 1177 2706 bis
1197 2639 1304 2706 numis
1326 2658 1402 2704 mox
1422 2651 1538 2724 agetur
1557 2637 1594 2702 is
1611 2637 1726 2707 Psote.

182 2739 309 2814 cianis,
327 2739 419 2820 irfia
435 2741 556 2804 literae
571 2744 687 2806 variae
702 2743 832 2811 dubiae.
854 2743 924 2809 ΔΕ.
981 2762 1076 2808 maeo
1090 2743 1132 2806 11.

181 2835 255 2902 iste
272 2839 311 2901 ll.
333 2853 367 2904 et
383 2839 441 2906 111.
464 2843 564 2923 (Huc.
583 2843 694 2926 Caes.)
1346 2881 1366 2920 s

245 2938 371 3003 Numcs
392 2940 515 3005 similes
531 2943 641 3007 Soteri
657 2943 771 3008 tribuit
784 2945 928 3013 Vaillan·
1242 2923 1264 2965 i
1448 2924 1470 2966 ⁸
1533 3013 1536 3020 .

186 3039 269 3115 tius,
299 3057 439 3124 eumque
465 3043 571 3105 secuti
593 3043 659 3106 alii.
703 3045 805 3110 iidem
831 3061 942 3131 caput,
1050 3047 1158 3128 Caput
1177 3049 1314 3129 reginae
1336 3050 1571 3112 diadematum.
1602 3039 1725 3108 ΞΒΑ·

186 3156 320 3204 aversae
351 3158 425 3204 esse
452 3142 654 3220 Berenices,
683 3165 766 3229 quae
794 3146 856 3210 fuit
883 3146 927 3210 al·
982 3141 1529 3212 ΣΙΛΙΣΣΗΣ.ΒΕΡΕΝΙΚΗΣ.
1555 3146 1670 3222 Clara,
1689 3149 1727 3208 in

184 3246 257 3306 turi
284 3240 412 3304 Soteris
441 3262 549 3321 uxor,
576 3243 759 3314 adfirmant.
800 3226 939 3317 Verum
984 3267 1064 3310 arca
1089 3265 1337 3328 monogramma
1362 3247 1477 3331 etflas
1500 3247 1584 3320 loti,
1614 3248 1728 3307 omniu
1810 3311 1817 3322 ‚

183 3341 269 3406 certi
290 3341 471 3408 Berenices
499 3347 610 3426 numi,
641 3369 723 3434 quos
745 3367 824 3412 mcx
844 3349 929 3424 reci·
982 3353 1078 3412 intra
1096 3349 1257 3411 lauream.
1278 3347 1348 3408 att.
1365 3349 1405 3408 11.
1438 3347 1476 3410 in
1493 3345 1579 3408 alius
1603 3345 1728 3408 Eadem

183 3439 342 3521 tabimus,
380 3443 509 3516 diversa
536 3447 603 3512 oris
631 3450 849 3528 lineamenta,
879 3451 928 3514 di·
982 3449 1173 3533 epigraphes
1213 3449 1354 3525 Remus,
1375 3451 1413 3512 in
1428 3469 1507 3510 area
1523 3465 1730 3536 monogram-

181 3563 316 3608 versum
330 3546 443 3629 capitia
457 3548 580 3611 cultum
595 3550 722 3618 sistunt.
766 3555 804 3616 ln
819 3557 926 3618 numia
983 3570 1039 3612 ma
1053 3546 1577 3613 Mar.0mniatmra1aaream
1607 3545 1727 3611 salt

181 3649 300 3732 bingae
316 3647 475 3730 ‘Cyrenes
502 3651 596 3733 regis
626 3651 769 3736 probare
793 3641 928 3721 conten:
982 3653 1038 3718 111.
1060 3650 1242 3734 (Pellerin,
1263 3653 1350 3722 Mus.
1364 3650 1475 3732 Caes.)

182 3747 281 3824 dam,
310 3747 345 3810 in
370 3749 477 3812 numis
503 3750 663 3818 similibus
689 3755 841 3821 exbiberi
868 3777 927 3843 po-
1046 3754 1172 3818 Numos
1202 3751 1263 3844 laos
1299 3771 1373 3816 ease
1409 3751 1506 3836 bajus
1534 3749 1729 3830 Berenices,

180 3851 246 3913 tius
268 3862 364 3934 caput
384 3849 615 3936 Rbilsdeipbi,
637 3875 761 3941 eosque
786 3880 806 3923 a
829 3861 926 3944 biuga
981 3845 1188 3920 Pelleriniss'
1212 3853 1341 3937 colligit
1370 3853 1512 3936 primum
1538 3873 1602 3934 eo,
1640 3852 1730 3938 quod
1862 3891 1871 3907 ·

183 3951 338 4038 signatos.
847 4021 853 4030 ,
983 3958 1093 4024 vultus
1112 3958 1147 4020 in
1167 3956 1220 4020 his
1238 3955 1421 4019 simillimus
1440 3969 1491 4019 ast
1510 3955 1581 4032 illi,
1605 3956 1661 4039 qui
1677 3969 1731 4020 est

246 4059 332 4122 AV.
346 4055 420 4122 alt.
443 4055 525 4120 AB.
547 4057 620 4122 nit.
644 4062 722 4126 ΑΕ.
743 4061 783 4130 ii.
906 4101 917 4132 2
983 4061 1019 4124 in
1041 4059 1148 4125 aureis
1169 4056 1335 4142 inscriptis
1355 4051 1495 4118 ΘΕΩΝ
1505 4100 1515 4133 ,
1545 4056 1589 4134 de
1610 4059 1729 4142 quibus

618 4207 622 4218 .
984 4181 1081 4244 πίοις
1102 4158 1222 4239 deiude
1241 4179 1283 4224 ex
1298 4171 1575 4243 monogrammate
1594 4155 1730 4236 Mar„
1776 4157 1783 4174 ⁸

178 4293 189 4328 ι.
256 4277 260 4288 ·
984 4283 1052 4348 quo
1068 4262 1205 4326 indicari
1221 4263 1351 4345 Magum
1359 4261 1540 4324 Berenices
1557 4281 1600 4325 ex
1615 4259 1729 4346 priore

279 4363 554 4430 tancmer:
586 4364 833 4436 SOTERIS.
981 4377 1060 4431 ¹loro
1089 4363 1214 4441 filium,
1250 4364 1285 4426 in
1311 4363 1470 4449 proximis
1489 4362 1673 4430 Ptolomaei
1688 4362 1729 4426 ll.

983 4468 1090 4533 numia
1107 4465 1308 4532 docebimus.

247 4567 285 4632 Si
305 4566 388 4632 fides
412 4567 605 4636 scholiastae
624 4572 795 4638 Theocriti
811 4573 841 4656 ⁸)
866 4573 928 4637 init
1036 4573 1130 4637 Aa.
1149 4583 1181 4634 at
1205 4569 1286 4636 ΑΕ.
1307 4567 1415 4634 lilili.

222 4779 567 4858 sildyltxvllasa.
643 4784 921 4856 ltincommodo.
995 4760 1210 4860 c)'t.1.e.r.
1284 4785 1319 4856 d)
1340 4789 1461 4860 Quaest.
1479 4785 1595 4844 Graeca
1614 4800 1640 4858 9.
