4444 5558
483 587 532 657 μ,
1002 565 1203 640 socos
1237 560 1512 638 auotrrr.

481 737 692 808 remissuri
713 737 875 799 materni?
910 735 1057 832 Quodsi
1079 735 1228 797 Callima·
1283 746 1413 796 moneta
1436 730 1536 796 obvii.
1579 727 1747 795 Phoenice
1774 731 1916 817 Aegypti
1941 731 2028 816 regi·
2074 797 2078 804 ,

483 842 564 906 cbes
590 853 706 903 auctor
730 858 895 914 coaevus,
924 852 958 902 et
982 841 1130 921 quitum
1151 836 1230 898 ste·
1283 831 1344 894 bus
1373 831 1451 896 inde
1480 856 1499 895 a
1521 835 1640 898 Sotere
1669 835 1834 918 usquead
1857 854 2029 900 excessum

481 941 638 1006 sondriae
657 939 817 1022 degebat,
845 938 905 1002 sed
925 937 1226 1022 cojns'poentetioa
1283 933 1466 997 Ptolemaei
1480 936 1519 1016 V.
1538 935 1717 1018 Epipbunis
1732 936 1848 1018 paruit.
1879 937 1961 1000 Cum
1979 958 2033 1002 er·
2158 935 2168 962 ³

483 1043 647 1105 Graecum
668 1039 812 1116 interiit,
835 1023 970 1123 ejusque
992 1039 1229 1121 interpreuCa·
1286 1055 1347 1120 go,
1369 1035 1472 1120 inquit
1496 1034 1710 1109 Vaillantios,
1739 1057 1855 1120 regum
1880 1038 2032 1116 aliorum,

484 1143 586 1208 tullus
603 1163 674 1204 eam
693 1140 809 1202 dixere
828 1160 996 1215 sororem,
1018 1140 1053 1202 id
1073 1139 1160 1202 ferte
1182 1138 1231 1201 in·
1287 1137 1344 1222 qni
1360 1137 1510 1220 Aegypto
1530 1135 1776 1222 imperitabant,
1797 1154 1968 1204 teneamus
1983 1141 2033 1204 ei·

483 1244 655 1309 tellectum
672 1261 714 1304 eo
731 1260 847 1317 senso,
870 1238 1150 1323 quodaecandum
1166 1241 1231 1302 Aa·
1286 1238 1421 1324 ligiem,
1442 1255 1582 1302 neeesse·
1606 1252 1673 1316 cst,
1695 1259 1784 1317 erm,
1821 1260 1917 1325 qaam
1938 1263 2034 1326 prae·

487 1345 672 1431 gyptierom
690 1342 869 1404 institutum
886 1361 1018 1406 cereres
1035 1342 1229 1426 plerumque
1287 1359 1363 1402 aena
1377 1361 1493 1402 numus
1509 1337 1662 1415 exbibet,
1683 1359 1794 1424 neque
1809 1341 1948 1404 aliorum
1965 1341 2033 1407 cui·

485 1447 521 1508 in
538 1445 673 1508 fratrom
693 1441 1078 1508 connubiuconeesaere.
1102 1445 1232 1506 SiEra·
1287 1441 1373 1525 piam
1400 1440 1574 1518 convenit,
1606 1457 1680 1504 esse
1707 1442 1905 1528 Euergetae.
1948 1443 2033 1510 Con·

486 1545 631 1612 tostbeoi
649 1543 732 1607 tides
748 1543 796 1626 ⁸),
817 1563 1001 1628 cognomen
1016 1523 1127 1608 babuit
1141 1546 1234 1622 Ense-
1287 1541 1413 1625 jactura
1432 1561 1510 1632 seue
1530 1540 1647 1606 tennis.

486 1643 635 1734 «γηιδος,
657 1643 842 1728 beneficam
872 1666 946 1708 uam
971 1645 1013 1707 de
1040 1647 1112 1730 ejas
1138 1665 1232 1712 coma
1544 1687 1564 1726 ,
1646 1642 1667 1680 ³
1751 1691 1772 1730 0

485 1749 520 1812 in
540 1747 648 1813 sidera
665 1747 768 1810 relata
790 1765 863 1809 cum
881 1745 1044 1830 loquitor,
1066 1747 1128 1810 aits
1156 1750 1232 1808 aba·
1354 1745 1461 1824 Caput
1495 1744 1583 1807 iocis
1614 1744 1803 1812 Ammonis.
1846 1741 1873 1806 Ξ
1903 1739 2034 1812 ΒΑΣΙ-

486 1870 575 1932 arpos
605 1846 761 1928 Βερειικης
789 1845 1011 1932 Eoeepratdor,
1045 1847 1108 1910 nisi
1142 1847 1231 1910 forte
1286 1837 1442 1908 ΛΕΩΣ.
1475 1839 1806 1914 ΠΤΟΛΕΜΑΙΟΤ.
1838 1842 2035 1914 ΕΤΕΡΙἙ·

486 1947 745 2034 restituendum:
767 1945 1110 2034 Brasstsscheeprrs,
1132 1949 1233 2010 Bere·
1291 1943 1394 2011 ΤΟΥ.
1439 1947 1571 2024 Aquilo
1593 1966 1595 1972 ¹
1600 1945 1748 2026 fulmini
1783 1951 1963 2028 insistens,
1996 1955 2034 2016 itt

487 2055 578 2116 uices
599 2053 781 2131 Euergetas
808 2051 941 2127 uxorb,
969 2063 1004 2112 ut
1031 2070 1128 2131 supra
1151 2048 1233 2116 uidi-
1289 2063 1368 2108 area
1384 2046 1425 2109 tt.
1440 2041 1512 2112 ΘΕ.
1526 2039 1575 2107 (Ι).
1595 2058 1657 2114 ete.
1678 2048 1749 2116 ΔΕ.
1765 2069 1864 2118 m.m.
1879 2053 1905 2114 1.
1921 2053 1962 2119 11.
1977 2053 2034 2122 111.

486 2171 585 2216 mus:
608 2143 867 2214 ΑΡΣΙΝΟΗΣ.
897 2143 1231 2216 semenstrem.
1290 2149 1392 2232 (Mea.
1415 2147 1527 2230 Caes.)

487 2249 605 2316 Fuisse
622 2249 795 2312 mulierem
819 2249 917 2313 animi
933 2271 1029 2332 supra
1047 2271 1160 2314 sexum
1177 2270 1234 2336 ge·
1353 2250 1405 2312 En
1427 2250 1486 2312 tibi
1511 2249 1711 2315 certissimos
1731 2252 1827 2333 bujos
1850 2249 2035 2322 Ptolemaei

487 2352 621 2430 nerosi,
642 2364 711 2413 tum
735 2352 856 2434 patuit,
878 2351 1025 2437 quande,
1045 2355 1232 2437 Euergetas
1289 2371 1406 2415 eomas
1426 2365 1564 2436 propter
1592 2351 1736 2416 additum
1757 2351 2035 2422 struprum?

488 2453 552 2538 jam
575 2452 790 2536 conpensata,
818 2451 877 2516 sed
902 2467 1005 2516 matre
1027 2456 1235 2520 Demetrium
1290 2454 1442 2532 titulum,
1472 2474 1569 2538 quem
1591 2454 1654 2517 sibi
1675 2453 1716 2518 ub
1731 2455 1903 2541 Aegyptiis
1925 2457 2035 2524 datum

488 2553 646 2639 Antigoni
657 2553 871 2618 Macedoniae
886 2555 975 2638 regis
991 2555 1124 2621 fratrem
1141 2577 1236 2643 prae·
1289 2571 1491 2642 prepterea,
1528 2553 1615 2638 quod
1645 2553 1727 2620 dees
1758 2579 1776 2620 a
1804 2558 1963 2644 cambyse
1992 2580 2036 2626 ex

489 2655 638 2733 ferente,
661 2675 734 2718 cnm
750 2673 815 2738 qno
830 2653 898 2736 ipsa
915 2667 1020 2722 mater
1035 2657 1236 2724 deindetnr·
1289 2663 1442 2742 Aegypto
1461 2659 1495 2720 in
1513 2657 1660 2722 Persium
1685 2657 1865 2724 abstractos
1886 2663 1920 2724 in
1943 2661 2034 2728 ballo

488 2759 578 2844 piter
594 2755 782 2830 consueuit,
804 2774 924 2818 novom
943 2777 1097 2842 sponsum
1115 2763 1150 2824 ia
1169 2782 1236 2827 mu·
1291 2759 1463 2828 aduersum
1484 2759 1584 2843 Syros
1606 2776 1760 2847 suscepto
1776 2763 1922 2848 recepit,
1942 2764 2038 2832 resti·

489 2859 551 2924 tris
572 2857 664 2920 lecte
694 2855 846 2921 immissis
866 2862 1114 2942 percussoribus
1136 2865 1237 2928 iuter·
1292 2862 1437 2947 luitque,
1459 2858 1581 2926 adserit
1593 2862 1874 2949 Hieronymus-d).
2001 2941 2004 2950 .

492 2959 548 3024 lici
572 2957 665 3043 jussit
687 2953 731 3036 b),
781 2958 834 3020 Da
864 2959 935 3040 ejos
960 2980 1053 3028 coma
1073 2965 1236 3030 sideribus
1356 2963 1754 3032 Att.sscertt.AE.1t.

491 3061 582 3128 illata
596 3057 671 3126 'ride
688 3057 854 3142 Hyginum
874 3075 908 3126 et
922 3061 1086 3129 Catullum
1100 3069 1142 3150 ο)

554 3163 607 3227 Ex
634 3161 698 3226 buc
716 3160 879 3226 Berenice
904 3177 1000 3230 ratas
1026 3171 1238 3236 Ptolemaeus
1313 3205 1617 3277 PTOLEMAEVS
1634 3206 1693 3273 lp,
1713 3205 2013 3276 pfflfflpsson·

493 3266 709 3347 Philopator,
737 3264 793 3349 qni
815 3267 993 3346 successit,
1013 3271 1165 3338 Arsinoe
1187 3274 1238 3338 ie·

489 3381 565 3430 tara
581 3363 690 3428 iratris
706 3363 928 3450 Philopatoris
943 3389 1043 3450 uuor,
1061 3385 1096 3438 et
1111 3378 1237 3458 Magus
1355 3375 1542 3457 Euergetac
1561 3385 1596 3436 et
1607 3373 1788 3439 Berenices
1807 3371 1912 3455 iilius,
1932 3389 1969 3441 ut
1989 3391 2037 3441 tu·

491 3466 627 3536 airatre
644 3467 870 3551 interemptos.
1291 3475 1357 3540 tius
1376 3486 1552 3556 regnaret,
1575 3489 1730 3556 matrem,
1751 3477 1953 3564 fratremque
1970 3483 2037 3544 lde·

1294 3596 1369 3661 gunt
1393 3571 1566 3652 interficit,
1588 3577 1704 3660 quibos
1726 3580 1843 3646 umetis
1868 3581 1960 3661 etio,
1988 3581 2039 3646 lu·

791 3705 946 3771 Numi:
1294 3677 1386 3754 stris,
1405 3688 1438 3742 et
1454 3675 1611 3760 voluptati
1625 3676 1784 3766 indulget.
1828 3685 1954 3749 Tamen
1972 3685 2039 3747 Aa·

641 3857 647 3876 .
1294 3779 1438 3844 tiochum
1467 3781 1512 3846 M.
1550 3778 1759 3866 coelesyriae
1784 3803 1879 3850 causa
1913 3785 2037 3850 bellum

561 3873 670 3954 Caput
690 3873 780 3954 ragis
799 3873 1036 3944 diadematum.
1077 3874 1241 3944 :nro-
1295 3895 1481 3948 mureotssu
1504 3881 1624 3966 insigni
1652 3882 1694 3948 ad
1714 3885 1883 3969 Raphiam'
1902 3888 2038 3954 victoria

495 3967 1007 4046 AEMAIOTAEAZIAEOE.
1018 3979 1059 4048 t..
1070 3979 1111 4044 Z.
1129 3986 1241 4068 Aqui.
1294 3983 1458 4070 reprimit.
1498 3986 1641 4049 Moritur
1655 3987 1696 4056 V·
1711 3985 1753 4060 C·
1766 3989 1840 4054 560.
1855 3987 1895 4055 Δ.
1907 3989 1949 4056 X.
1963 3999 2037 4067 uolt.

496 4080 533 4140 la
549 4077 707 4139 insistens
718 4075 883 4159 fulmini,
904 4081 941 4142 ia
963 4099 1044 4144 areo
1070 4085 1135 4148 doe
1155 4091 1241 4170 pilei
1295 4086 1492 4156 variantibus
1508 4087 1648 4149 aliorum
1664 4085 1810 4156 calculis.
1845 4089 1962 4156 Dictus
1977 4091 2041 4156 init

497 4177 761 4240 Dioscurerum.
791 4175 902 4242 llll.
925 4179 1058 4264 (vallt.)
1302 4189 1454 4274 Tryphon
1491 4201 1575 4252 teste
1605 4188 1714 4253 Plinio
1738 4193 1792 4276 ε),
1823 4190 1913 4256 baud
1939 4192 2039 4260 dubie

559 4275 704 4340 Dubium
729 4295 796 4340 uon
822 4279 971 4360 ridetur,
993 4303 1126 4353 numum
1152 4291 1239 4358 bunc
1297 4303 1436 4378 prepter
1477 4289 1621 4353 lrbadsms
1660 4290 1967 4378 intemperantiam,
2006 4311 2040 4362 et

498 4377 627 4463 Tripoli
653 4377 853 4444 Phoenicius
886 4403 1022 4464 cusum,
1052 4391 1141 4474 quod
1171 4416 1241 4460 aaa·
1302 4393 1450 4468 Gallus,
1488 4390 1578 4477 quod
1617 4389 1788 4457 Gallorum
1831 4397 2040 4462 sacerdotum

357 4483 365 4498 ⁸
479 4483 578 4546 deut
599 4481 836 4544 Dioscurorum
862 4485 944 4569 pilei
969 4488 1003 4550 in
1025 4491 1121 4576 bojas
1150 4495 1240 4562 orbis
1297 4491 1390 4560 mere
1426 4494 1551 4559 beders
1587 4507 1684 4581 caput
1721 4494 1893 4564 redimiret
1914 4497 1960 4584 f).
2002 4503 2039 4564 ln

495 4623 2040 4672 Μ...

537 4711 736 4781 e)Castuster.
758 4723 800 4770 tt.
856 4713 890 4786 b)
913 4715 1012 4776 lustin.
1032 4719 1089 4780 le.
1145 4723 1282 4798 e)ll.ce.
1338 4723 1652 4796 dliuDuoiei.c.X1.
1673 4739 1736 4791 td·
1792 4726 2038 4804 e)L.Vll.t·⁵t.

500 4795 534 4874 i)
555 4797 687 4875 Scaliger
701 4797 739 4854 ud
758 4799 860 4860 ebron.
879 4801 987 4867 Esses.
