4338 5554
503 519 597 602 210'
874 503 881 516 ’
1147 505 1344 584 CAPVT
1377 509 1404 578 l.

560 685 680 750 ¹Fuisse
697 669 884 746 Asiarcharn
904 695 1061 756 annuum,
1081 677 1171 740 numi
1188 676 1246 740 dc-
1301 677 1414 761 plures
1442 674 1538 738 simul
1559 695 1597 738 so
1620 674 1751 759 quidem
1774 674 1914 738 dirersis
1937 696 1979 744 ex
2004 697 2061 738 ur·

504 801 581 854 cent
602 803 636 850 et
658 806 827 848 marmora.
858 783 1007 849 Vidimus
1025 781 1247 864 supra'Asiar-
1302 779 1396 840 bibus
1431 776 1604 839 Asiarchae
1634 777 1753 854 luisse,
1791 797 1958 861 unumque
1988 778 2057 862 pri·

504 893 582 954 ciras
602 889 640 950 Β.
663 885 702 952 Γ.
726 885 764 950 Δ.
787 885 821 947 id
844 897 907 948 cst:
940 881 1100 958 secunda,
1130 882 1244 960 tertia,
1303 901 1409 954 mum,
1428 899 1487 940 seu
1508 881 1564 962 qui
1582 879 1653 940 sliis
1672 881 1895 962 praesideret,
1918 893 2055 944 ceteros

504 995 617 1077 quarta
636 991 731 1055 ¹rice.
776 985 829 1048 Ad
865 1004 1026 1047 marmora
1055 981 1142 1068 quod
1175 985 1246 1046 atti·
1304 980 1492 1044 adsessores
1510 993 1563 1040 aut
1581 980 1706 1055 socios,
1729 1002 1766 1043 ac
1784 980 1964 1056 secundos,
1986 995 2055 1044 ter·

418 1121 422 1132 ·
504 1106 578 1169 net,
610 1091 766 1154 hebernus
790 1084 1106 1170 apu‘dMuratorium
1136 1087 1166 1172 ι)
1198 1087 1248 1146 lu·
1305 1083 1385 1159 ties,
1413 1093 1622 1165 quartcsetc.
1642 1075 1929 1162 ordinecvrstpa»
1952 1083 1986 1144 in
2010 1102 2054 1146 eo

506 1194 627 1255 lienum
646 1189 752 1252 TON.
773 1188 855 1250 Alc.
876 1182 1125 1250 ACIAPXHN.
1155 1188 1247 1250 Alius
1305 1184 1448 1265 collegio
1479 1181 1669 1246 obtinuisse.
1712 1184 1812 1264 Atqui
1835 1183 1984 1246 diversos
2007 1185 2055 1245 ‹ti-

505 1293 587 1375 lapis
607 1290 694 1373 apud
717 1291 857 1353 eundern
881 1287 914 1368 ¹³)
942 1299 1101 1376 memorat
1128 1289 1251 1370 Diony·
1306 1305 1473 1348 versatum
1493 1282 1773 1346 civitatumluisae
1791 1284 1983 1360 Asiarchae,
2011 1306 2053 1348 eo

504 1395 588 1456 sium
606 1388 911 1453 IEPOKHPTKA.
927 1387 1018 1450 ΚΑΙ.
1033 1384 1071 1451 Β.
1088 1385 1251 1450 ΑΣΙΑΡ·
1306 1385 1440 1468 probat,
1482 1381 1569 1468 quod
1606 1384 1795 1467 Smyrnaei,
1835 1388 2054 1469 Pergameni,

504 1491 617 1556 XHN.
1279 1475 1473 1559 'Sardiani,
1515 1486 1730 1567 Hypaepeni,
1776 1487 1950 1578 Cyziceni·
1974 1508 2051 1551 suos

566 1593 748 1656 Fuerintne
770 1590 887 1653 eodem
905 1604 1055 1674 tempore
1070 1589 1247 1672 Asiarchae
1305 1587 1426 1668 singuli
1445 1587 1478 1649 in
1502 1587 1607 1647 nornis
1629 1587 1802 1650 Asiarchae.
1819 1589 1961 1672 jactant;
1987 1609 2050 1672 qua

503 1695 635 1780 plures,
671 1693 805 1775 copiose
834 1691 1038 1774 disputatum.
1073 1689 1148 1785 Qui
1178 1692 1249 1773 plu·
1306 1687 1438 1770 quidem
1463 1687 1495 1748 in
1520 1689 1680 1750 sententia
1704 1689 1805 1752 fuisse
1824 1691 1923 1753 etiem
1944 1692 2051 1752 Mura-

503 1818 559 1860 res
580 1815 768 1870 asseruere,
794 1793 1006 1877 sequentibus
1026 1792 1172 1852 nituntur
1195 1814 1250 1853 uu·
1305 1790 1424 1858 torium
1449 1789 1564 1862 rideo;
1589 1809 1662 1850 uam
1688 1789 1729 1851 ad
1754 1791 1854 1856 verba
1870 1795 2050 1854 enar-moris

503 1895 716 1962 ctoritatihut.
760 1898 785 1955 1.
821 1898 858 1955 lu
891 1894 981 1954 Actis
1013 1891 1249 1972 Apostolorum
1305 1889 1377 1950 sui:
1419 1887 1459 1952 Τ.
1485 1883 1555 1956 thu.
1586 1887 1747 1964 Mssurroy
1781 1885 2002 1968 (Ιὴλοαεβαςος
2036 1892 2053 1954 o'

504 1989 532 2063 c.
550 2000 636 2061 xlx.
662 2018 694 2061 v·
711 1998 762 2061 31.
788 1995 906 2078 ,plures
934 2006 1155 2056 memorantur
1181 2011 1247 2055 uno
1304 2010 1503 2075 Ὗραμματευς
1528 2013 1578 2050 sar
1601 1990 1770 2076 Ασιαςχης
1788 2013 1981 2072 spesspes-syp-
1999 2017 2049 2052 sur

503 2113 653 2182 tempore
687 2097 880 2162 Asiarchae:
923 2094 1016 2168 Τινες
1047 2087 1083 2152 δε
1110 2115 1160 2153 sar
1189 2112 1248 2154 των
1303 2109 1439 2172 μειγιςης
1472 2095 1684 2173 perremissos
1714 2114 1770 2168 της
1800 2092 1905 2167 thoisy⁸
1935 2115 1985 2154 και
2008 2090 2047 2158 Β.

501 2200 698 2282 Ἀσιαρχων,
721 2195 897 2281 stays-deors&
911 2217 984 2274 προς
998 2191 1103 2273 deror,
1125 2217 1197 2259 κ..τ.
1214 2198 1246 2260 λ.
1304 2187 1467 2270 Νεωκρρων
1488 2186 1636 2266 Brilessus
1656 2192 1797 2272 Εφισιων
1829 2197 1966 2272 troiscos,
1993 2195 2047 2258 ch-

436 2315 442 2322 ·
506 2300 655 2382 Quidum
671 2321 745 2360 vero
762 2318 806 2360 ex
820 2297 1005 2360 Asiarchis
1020 2301 1187 2357 mittentes
1205 2297 1249 2357 cd
1304 2303 1432 2356 servat:
1467 2305 1505 2352 at
1532 2297 1613 2356 hinc
1638 2296 1815 2370 discimus,
1831 2296 2049 2376 ,peculiarem

504 2406 622 2480 ipsura,
640 2399 815 2481 nempeD.
824 2397 969 2471 Paulum,
987 2395 1042 2478 qui
1059 2409 1127 2457 tum
1138 2395 1248 2478 Ephe·
1302 2412 1399 2455 auum
1420 2393 1623 2457 Asiarohom
1639 2397 1754 2479 fuisse
1778 2396 1969 2474 Ephesium
1990 2400 2050 2460 rei·
2127 2459 2128 2472 ,

431 2537 436 2558 .
503 2501 532 2564 ai
562 2499 823 2562 concionabatur.
862 2500 901 2558 11.
923 2497 1085 2559 Aristides
1113 2497 1246 2572 rhetor,
1299 2493 1453 2574 publicae
1475 2497 1514 2574 ε).
1541 2497 1585 2558 At
1603 2496 1658 2580 qui
1676 2509 1913 2560 uuumtantum
1924 2496 2047 2562 eodem

502 2613 712 2686 posteaquam
729 2613 906 2675 narrasset,
931 2598 1075 2661 oblatum
1092 2598 1154 2659 sihi
1170 2599 1248 2660 luit·
1302 2604 1453 2674 ternpore
1483 2596 1672 2660 Asiarchum
1708 2611 1870 2676 statuunt,
1908 2621 2046 2664 numero
2127 2659 2128 2686 ,

503 2721 540 2766 sc
567 2721 739 2764 commune
767 2702 866 2762 totius
887 2700 984 2762 Asine
1008 2699 1245 2775 sacerdotium,
1302 2693 1443 2777 plurium
1462 2695 1705 2773 Asiarcharum,
1726 2719 1808 2782 quos
1825 2699 1859 2760 iu
1875 2701 1968 2764 Actis
1982 2721 2047 2764 me-

504 2805 572 2882 (rm
595 2823 689 2876 sorry»
713 2826 769 2878 της
787 2801 901 2874 Ἀσιας
926 2803 1094 2882 trecarum»)
1118 2800 1153 2861 id
1177 2813 1245 2862 ests
1303 2810 1408 2860 morat
1434 2797 1466 2858 S.
1492 2799 1616 2876 Lucas,
1636 2800 1926 2883 comprehendunt
1948 2803 2046 2866 etiam

500 2901 720 2979 Asiarchirlm,
747 2922 822 2965 mox
844 2901 928 2965 infra
954 2901 1062 2966 addit:
1093 2925 1142 2962 aar
1164 2924 1246 2985 ‹ysso-
1303 2917 1378 2974 cos,
1406 2898 1462 2982 qui
1487 2900 1656 2964 Asiarchia
1678 2900 1868 2984 supertiam
1893 2917 1987 2981 sunt,
2013 2919 2046 2970 ct
2127 2894 2128 2910 ¹

501 3027 558 3086 μαι
574 3025 676 3082 cressy
691 3002 709 3083 η’
725 3005 868 3084 cernercs
881 3028 920 3090 ‘ry
936 3023 1120 3088 χειροτονιᾳ,
1135 3016 1168 3066 ct
1182 3016 1244 3065 ter·
1302 2999 1443 3082 quitum
1462 3020 1613 3064 excausa
1632 3003 1756 3086 aliqua,
1778 3025 1809 3068 v.
1828 3025 1858 3086 g.
1881 3004 2045 3079 ludorum,
2127 3043 2128 3048 κ

501 3107 551 3166 tio
568 3105 622 3165 cel
636 3120 754 3183 quarto
770 3109 842 3167 loco
859 3129 931 3166 sum
949 3107 1074 3167 electus
1094 3106 1144 3185 ἡ,
1167 3123 1243 3165 curu
1300 3099 1355 3162 vel
1376 3097 1546 3181 caradrius,
1570 3125 1633 3166 una
1651 3125 1724 3166 cum
1738 3106 1784 3164 Β.
1800 3106 1903 3170 Paulo
1919 3107 2046 3190 Ephesi

500 3223 566 3288 quo
582 3203 711 3269 ridetur
726 3206 912 3270 consentire
927 3205 1147 3269 testimonium
1165 3205 1245 3268 Dio-
1262 3241 1266 3250 ·
1299 3201 1445 3266 adfuere.
1470 3201 1607 3296 Quinet
1618 3206 1751 3290 conjicit
1768 3207 1818 3270 (ll.
1835 3206 1877 3270 de
1890 3209 1987 3272 Boeo
2002 3209 2014 3254 ¹
2018 3213 2045 3290 ),

499 3305 550 3368 nis
569 3305 810 3391 chrysostomi,
838 3308 925 3392 quod
947 3307 1153 3369 inlratotum
1169 3327 1244 3390 pro·
1300 3323 1427 3366 sacrum
1437 3303 1631 3368 historicum
1647 3309 1777 3372 nomine
1795 3308 1964 3394 Ασιιιρχων
1978 3331 2044 3374 non

499 3405 626 3471 ducum.
666 3411 782 3490 Ergo,
820 3410 987 3491 inquiunt,
1022 3410 1137 3470 saltem
1167 3429 1243 3491 qua·
1298 3403 1501 3469 intellexisse
1517 3411 1850 3474 nostros-sacerdotes
1863 3411 1972 3488 Asiae,
1988 3411 2046 3476 sed

386 3565 392 3572 .
498 3522 576 3570 tuor
602 3508 697 3570 simul
725 3509 820 3571 luere
841 3509 1026 3574 Asiarchae.
1068 3511 1126 3574 ΙΙΙ.
1154 3508 1243 3570 Stra·
1299 3503 1466 3588 loquendo
1487 3507 1608 3587 laxius,
1640 3525 1673 3573 et
1702 3513 1735 3572 in
1764 3533 1863 3575 sensu
1892 3514 2044 3597 populari

498 3607 542 3671 ho
565 3608 685 3688 jactans
711 3609 929 3671 Trullensium
950 3609 1073 3691 Lydiae
1095 3629 1177 3692 opes
1207 3621 1241 3672 et
1298 3605 1501 3672 intellexisse
1518 3633 1635 3674 revera
1652 3613 1835 3696 principes,
1855 3615 1907 3678 rel
1923 3617 2045 3698 prirno-

498 3709 627 3791 copias,
663 3709 733 3791 ejus
755 3729 828 3771 esse
853 3725 1078 3793 argumentum
1102 3709 1242 3786 adserit,
1297 3727 1353 3769 ros
1373 3709 1478 3772 Asiae.
1507 3711 1617 3778 Verba
1642 3713 1810 3776 Strabonis
1834 3729 1867 3780 ct
1888 3715 2043 3780 Aristidis
2127 3795 2128 3804 ἵ

498 3807 587 3896 quod
611 3807 658 3874 ἀει
683 3831 760 3882 τινες
776 3806 853 3870 εἰσιν
875 3807 911 3890 ἐξ
930 3810 1022 3874 riorus
1040 3809 1067 3874 dr
1084 3831 1244 3890 sponsum·
1296 3806 1403 3873 fatcor
1418 3809 1608 3876 obscuriora
1624 3829 1717 3893 sunt,
1740 3835 1835 3898 quam
1858 3832 1893 3880 ut
1914 3819 1956 3882 iis
1978 3843 2043 3884 ms·

497 3933 643 3984 reynero
661 3908 894 3996 ryrs'srapypnr,
922 3911 1244 3996 charaxatura-
1296 3907 1350 3992 jor
1385 3931 1500 3976 eorum
1535 3935 1691 3979 eumerus
1721 3916 1894 3982 evidenter
1923 3923 2044 3985 confici

497 4029 562 4088 css,
581 4033 706 4094 seraper
720 4013 827 4092 aliqui
844 4027 921 4075 sunt
935 4017 1085 4094 scipsis,
1105 4019 1162 4093 qni
1173 4017 1244 4095 pri·
1297 4013 1416 4097 possit,
1444 4029 1481 4079 ut
1509 4036 1629 4082 revers
1656 4041 1674 4080 n
1702 4019 1800 4083 variis
1824 4021 1912 4085 varie
1937 4023 2041 4108 expli·

496 4127 603 4179 mater
621 4125 700 4175 runt
717 4117 928 4194 provinciae,
953 4134 1034 4193 quos
1052 4116 1239 4177 Asiarchrts
1295 4129 1366 4180 cata
1388 4131 1478 4194 sunt,
1509 4117 1569 4182 sed
1596 4121 1650 4184 cui
1678 4139 1794 4184 causae
1821 4121 1939 4187 inutile
1960 4139 2040 4209 puto
2127 4139 2128 4148 ¹

495 4227 616 4284 rocem
638 4214 680 4295 d).
726 4211 761 4273 Si
788 4233 938 4298 semper,
968 4217 1136 4300 inquiunt,
1165 4229 1240 4279 saut
1296 4215 1416 4281 diutius
1449 4219 1626 4286 immorari.
1671 4223 1808 4286 Minime
1848 4246 1929 4290 vero
1967 4247 2041 4308 pro·

495 4316 614 4402 aliqui,
642 4336 725 4399 ergo
745 4315 865 4400 plures.
898 4317 958 4382 His
978 4331 1086 4382 motus
1110 4317 1240 4380 rationi·
1294 4317 1408 4396 batur,
1434 4322 1523 4405 quod
1543 4321 1628 4386 duce
1653 4325 1861 4392 (il-Vandalis
1878 4327 2039 4391 existimat

495 4419 556 4483 hus
592 4419 641 4482 Cl.
663 4419 808 4484 Vandale
843 4441 916 4484 cum
955 4421 1026 4484 aliis
1061 4419 1237 4496 existimat,
1294 4421 1513 4502 liurstorius,
1535 4425 1748 4508 Smyrnaeus,
1769 4428 1953 4513 Ephesios,
1977 4443 2039 4494 etc.

529 4655 767 4728 a)psg.559.3.
843 4648 883 4720 h)
902 4655 1043 4726 papini.
1126 4645 1776 4728 c)0rat·lV.tscrasuhfimpspmzts.
1860 4655 1896 4726 d)
1916 4655 2038 4714 Uli.

491 4759 521 4818 p.
534 4759 571 4799 m.
587 4745 649 4813 960.
726 4745 756 4811 e)
776 4747 915 4816 pugnet.
936 4753 957 4799 t.
1032 4737 1063 4810 t)
1083 4735 1142 4796 tr.
1160 4751 1240 4814 pro.
