4468 5568
492 548 569 624 nu
605 537 841 626 vomunt·
873 545 1074 620 ventre
1108 513 1449 624 n'ontntnvs.
1672 565 1740 634 aar

198 719 402 796 Berhsesm,
428 717 573 796 Pellam,
602 716 832 800 Amphipolin,
864 719 946 779 Are·
1004 739 1077 783 unm
1098 720 1324 782 Maleuentum
1343 719 1465 782 Samnii
1483 717 1560 784 urbs
1579 718 1655 784 mali
1673 737 1746 782 esse

197 821 342 900 thusam,
362 815 571 898 Chalcidem,
595 819 756 884 Lmistara
779 833 842 882 etc.
881 817 947 880 nd·
1005 821 1122 884 ominis
1158 819 1349 898 rideretur,
1393 820 1481 907 qnod
1519 821 1646 884 nollent
1684 819 1746 882 nisi

201 917 251 989 de'
273 921 416 988 Pieriam
445 923 629 988 Seleucidis
666 933 791 1006 partem
824 941 843 984 a
872 919 946 984 Pie·
1003 925 1083 986 dene
1100 927 1225 1000 venire,
1251 921 1451 986 obscoenum
1469 920 1556 985 istud
1571 941 1693 984 nomen
1713 922 1748 982 iu

199 1025 250 1088 ris
287 1023 501 1090 Macedoniae
540 1025 679 1106 regione
717 1042 839 1086 nomeu
878 1043 948 1086 mn·
1004 1025 1197 1108 auspicatius
1221 1025 1401 1088 Beneventi
1427 1022 1550 1112 placuit
1573 1035 1750 1086 commuta·

200 1139 338 1208 matam,
367 1127 444 1212 quin
467 1140 502 1191 et
522 1127 641 1189 Axium
662 1123 786 1190 flamen
808 1123 945 1190 testibus
1002 1146 1060 1205 re,
1092 1140 1127 1189 nt
1155 1124 1252 1188 trudit
1278 1126 1415 1188 Plinius.
1452 1122 1570 1187 Haheo
1594 1137 1749 1197 ‚suctores

202 1231 366 1312 Apameae
395 1229 501 1292 nnmit
532 1247 574 1291 ex
599 1225 795 1290 Macedonia
823 1227 857 1288 in
888 1225 948 1308 Sy·
1002 1241 1159 1304 veteres,
1200 1225 1316 1290 similis
1355 1227 1431 1290 illos
1472 1225 1581 1290 delitii
1624 1227 1749 1288 monitu

199 1330 281 1394 amm
300 1327 494 1398 derivatum.
524 1328 626 1392 Addit
644 1327 810 1414 Appianas
827 1326 946 1392 eodem
1002 1329 1158 1413 Egestam
1179 1327 1311 1392 Siciliae
1331 1328 1365 1389 in
1387 1327 1575 1416 Segestam,
1592 1325 1749 1412 Epidam-

201 1434 294 1508 looo‚
327 1433 503 1498 Seleucum
531 1451 593 1514 pet·
618 1450 757 1515 regnum
780 1451 872 1492 snum
895 1449 949 1492 se·
1003 1451 1080 1492 num
1110 1429 1234 1512 lllyrici
1260 1430 1294 1491 in
1320 1429 1560 1514 Dyrrhachium
1591 1429 1746 1505 vertisse,

202 1529 353 1598 diheseon
378 1534 466 1602 XVI.
497 1529 705 1608 Antiochiae,
743 1532 799 1600 Vl.
829 1528 947 1593 Laodi·
1003 1530 1062 1594 sed
1082 1527 1180 1594 effeci
1196 1531 1323 1596 inuictis
1347 1550 1518 1592 numornm
1544 1531 1746 1608 testimoniis,

201 1653 295 1712 oens,
330 1634 387 1698 tx.
410 1631 595 1708 Seleuciae,
628 1633 683 1696 111.
706 1633 885 1714 Apameae,
919 1631 945 1696 l.
1004 1653 1086 1717 quae
1117 1633 1150 1694 in
1181 1634 1350 1716 utriusque
1381 1631 1472 1697 urhis
1500 1646 1631 1696 moneta
1661 1653 1749 1696 oom-

202 1733 451 1804 Stratoniceam.
499 1733 543 1794 At
581 1731 651 1795 noli
688 1731 848 1809 credere,
892 1750 948 1798 ees
1004 1735 1202 1812 memoravi,
1231 1747 1266 1796 nt
1288 1734 1392 1798 victor
1415 1732 1505 1798 orhis
1526 1733 1666 1820 populns
1688 1735 1749 1797 sal-

203 1855 319 1898 omnet
352 1857 370 1898 a
402 1832 621 1898 fundamentis
653 1833 818 1900 excitatas.
863 1831 949 1895 Satis
1004 1850 1071 1899 tem
1097 1835 1158 1898 hac
1185 1848 1278 1920 parte
1306 1835 1413 1898 minua
1442 1833 1611 1899 rideretur
1630 1835 1750 1899 ridicu·

204 1949 350 2013 constat,
403 1938 578 2020 Apameam
622 1935 785 2018 Phrygiae
829 1933 948 1996 dictam
1005 1938 1068 2016 lus,
1113 1937 1314 2000 Hadrianum
1343 1936 1590 2020 Hierosolyma
1623 1939 1658 1999 iu
1688 1939 1751 2000 Ae·

203 2037 293 2121 prius
315 2036 492 2114 Celaenas,
523 2051 589 2099 tntn
611 2051 645 2099 et
666 2036 837 2112 Cibotum,
867 2037 951 2098 lano·
1006 2039 1081 2106 liam
1105 2037 1335 2126 Capitolinam,
1359 2040 1603 2106 Constantinum
1623 2041 1667 2101 tt.
1688 2041 1750 2122 By·

204 2137 331 2201 tlioeam
366 2139 480 2222 Syriae
519 2139 597 2200 olim
635 2137 805 2215 Ramhhs,
841 2137 948 2198 missis
1007 2141 1148 2206 nantium
1192 2141 1225 2204 in
1267 2141 1569 2224 Constantinopolin
1614 2153 1751 2203 transtu-

205 2237 339 2302 infinitis
382 2240 543 2324 exemplis
585 2237 678 2314 aliis,
733 2259 815 2324 quae
859 2239 949 2302 tide·
1006 2242 1159 2321 liste,in
1183 2245 1299 2326 tulgus
1321 2256 1444 2307 notum.
1482 2241 1556 2336 Quo
1578 2256 1673 2327 pacto
1695 2243 1752 2304 ist·

203 2359 242 2404 re
270 2353 364 2425 potet
392 2341 478 2424 apud
501 2341 710 2424 Stephanum.
746 2342 873 2408 Verum
896 2338 950 2402 ad·
1006 2345 1088 2408 haec
1113 2365 1285 2406 numorutu
1313 2343 1458 2406 subsidio
1480 2343 1750 2426 comprobentur,

206 2443 321 2506 acititia
351 2441 433 2508 haee
463 2442 594 2514 nomina
628 2433 695 2504 'non
730 2462 863 2526 temper
899 2461 950 2506 ae·
1007 2447 1152 2529 subjecta
1182 2447 1406 2531 experimenta
1435 2444 1572 2523 dabunt,
1610 2445 1670 2509 sed
1699 2468 1751 2510 vn·

206 2564 281 2608 rom
307 2543 434 2620 tulere,
464 2545 640 2628 praecipua
662 2563 736 2606 eum
758 2559 812 2607 snt
839 2545 952 2608 inritis
1007 2549 1181 2612 riationum
1204 2568 1314 2612 cantas
1336 2568 1378 2612 en
1399 2545 1597 2632 singularum
1623 2546 1751 2612 urbium

204 2643 339 2708 suerum
367 2644 551 2728 imperata,
584 2655 640 2707 snt
670 2643 766 2709 unius
796 2645 952 2709 adulatio·
1002 2651 1113 2742 nantis
1135 2662 1224 2736 pete.

207 2745 259 2808 nis
280 2766 374 2810 nausa
396 2747 560 2809 arcessita.
599 2745 740 2808 Sublatis
768 2747 855 2810 enirn
881 2748 949 2810 aive

206 2859 314 2936 metus
334 2847 403 2910 site
425 2835 675 2909 benevolentiae
702 2847 807 2910 causis
832 2849 952 2911 revixit

206 2949 375 3016 vetustatis
396 2969 488 3011 arnor
510 2947 644 3011 nrhibus
666 2945 801 3012 Graecis
823 2949 950 3032 penitus

206 3052 334 3116 insitus.
374 3050 422 3112 lta
450 3049 593 3131 Sicyonii
620 3049 731 3132 paullo
759 3065 833 3134 post
861 3049 952 3112 nori·

207 3153 292 3218 dnm
334 3151 603 3226 Demetriadem,
647 3152 738 3214 Ciani
779 3150 952 3232 Bithyniae
1053 3155 1179 3238 Alani,
1197 3154 1306 3216 tichos
1330 3153 1588 3236 Paphlagoniae.
1640 3149 1754 3215 ΑΒΩ-

207 3251 318 3318 multia
354 3251 496 3338 denique
532 3265 607 3335 post
640 3253 731 3315 annis
761 3251 951 3340 Prusiadetn
1011 3250 1355 3330 NOTGIXGITllN,
1369 3253 1663 3336 ocriculanorum,
1680 3249 1753 3316 w.-

209 3353 409 3438 shy'eeerunt.
453 3355 497 3417 Et
527 3373 709 3438 respexere
740 3369 834 3419 vetus
865 3359 954 3416 hian-
1010 3351 1347 3422 Nonohetmtt.

208 3459 317 3522 douae
347 3474 468 3521 nomen
501 3457 743 3540 Antigonensea
774 3455 953 3532 Arcadiae,
1053 3457 1130 3520 Ace
1148 3455 1333 3520 Galilaeae.
1370 3453 1483 3532 ΑΚΗ,
1514 3457 1620 3520 serius
1648 3457 1754 3518 Prole·

208 3557 354 3641 Bithynii
372 3555 631 3640 Claudiopolitse
654 3559 844 3642 Bithyniae,
873 3559 955 3620 utri·
1010 3562 1113 3634 mais,
1143 3551 1548 3620 ΠΤΟΛΕΜΑΙΔΕΩΝ.
1579 3557 1650 3624 vet:
1682 3555 1754 3620 CO·

209 3680 273 3746 que
294 3659 452 3724 Hadriani
474 3659 613 3742 Augusti
639 3681 754 3737 suasu,
785 3661 875 3722 utin
898 3679 953 3724 eo·
1009 3656 1440 3723 LON1A.PTOLEMA18.

1012 2890 1114 2953 Vrbes
1133 2901 1226 2952 vetus
1246 2907 1285 2950 ac
1304 2907 1422 2950 nonunt
1442 2909 1558 2956 nomen
1578 2891 1614 2950 in
1633 2888 1752 2961 narnis,

1142 2992 1201 3053 sad
1218 2989 1376 3064 diversis,
1394 2991 1618 3050 enunciantes.

208 3781 283 3826 rum
308 3763 414 3825 numia
442 3761 621 3826 docuimus.
661 3759 704 3824 ht
730 3761 825 3826 fuere
853 3761 953 3826 nrhes
1053 3762 1272 3824 Alexandria
1320 3761 1483 3844 Aegypti.
1551 3754 1757 3822 ΑΛΕΞΑΝ-
1885 3759 1890 3766 “

210 3861 313 3941 aliae,
343 3863 468 3947 -qnihnt
498 3874 653 3930 etvetus
684 3877 718 3928 et
745 3883 867 3930 norom
895 3885 955 3928 no-
1012 3859 1142 3928 ΔΡΕΑ.
1155 3860 1262 3925 serius
1276 3863 1382 3924 Roma
1397 3861 1458 3925 sub
1470 3862 1613 3925 Antonio
1627 3861 1754 3938 lutire,

211 3985 287 4030 mon
308 3965 517 4030 retinendum
538 3967 662 4046 risum,
692 3979 833 4051 utroque
855 3985 952 4052 aaepe
1011 3958 1203 4028 ΡΩΜΗΣ.
1226 3962 1312 4032 Vide
1329 3985 1445 4028 numos
1462 3963 1710 4027 Alexandrinos.

212 4066 345 4130 nomine
380 4067 437 4130 uui
473 4066 647 4152 eidemque
682 4088 781 4131 numo
812 4071 953 4158 inserto,
1054 4067 1239 4129 Anthedon
1268 4066 1413 4129 Iudaeae
1449 4053 1755 4140 ΑΝΘΗΛΟΝΟΟ,

212 4169 304 4252 cujus
331 4189 408 4232 mox
434 4171 586 4252 exempla
607 4170 823 4253 proferemus.
862 4171 954 4236 Haec
1012 4169 1116 4234 aerius
1133 4166 1323 4252 Agrippias,
1348 4162 1647 4230 ᾹΓΡΙΠΠΕΩΝ.

210 4271 245 4332 in
267 4270 402 4336 Graecis
431 4284 618 4354 comperta,
650 4289 771 4355 eosque
794 4274 863 4337 sive
884 4273 956 4335 imi·
1055 4267 1247 4333 Antiochia
1279 4269 1407 4353 Syriae.
1454 4264 1753 4342 ΑΝΤΙΟΧΕΩΝ,

213 4373 270 4434 tuti
296 4372 454 4448 Rotnani,
485 4374 554 4438 sive
585 4387 716 4456 suapte,
747 4375 877 4436 nomine
904 4396 957 4436 ur·
1009 4373 1119 4451 ,scrius
1139 4370 1328 4453 theopolis,
1345 4367 1506 4436 THEVP.
1525 4367 1558 4428 in
1576 4367 1756 4430 numisian-

211 4473 301 4540 hinm
331 4474 394 4559 ipsi
425 4487 555 4558 qnoque
585 4474 819 4553 immutavere,
859 4496 956 4561 saepe
1013 4475 1089 4537 tinia
1109 4471 1211 4534 infimi
1227 4471 1310 4536 aeri.

214 4573 355 4638 ridiculo
394 4577 635 4661 superstitionis
676 4576 826 4660 impulsu.
874 4577 961 4640 Nam
1057 4577 1261 4659 Byzantium
1278 4565 1753 4644 ThraciaellTZANTlllN,

276 4695 369 4778 (Vol.
384 4695 461 4776 IV.)
1435 4691 1457 4754 S
1479 4712 1495 4755 s
