4468 5568
482 553 553 632 290
741 530 745 536 ’
877 565 882 576 ·
1100 528 1291 606 ctrvr
1325 513 1403 604 vu.

479 717 564 780 tem,
590 701 645 786 qui
666 698 1119 764 sesesinoertas-bellialeaa
1139 719 1225 764 eom·
1282 695 1544 792 dignitateslios
1570 696 1733 781 prseibst,
1768 695 1866 762 docet
1891 697 2031 784 insignis

424 851 428 875 .
481 808 655 879 missurus,
699 800 826 885 Ephesi
867 805 1037 885 pecuniam
1081 808 1224 865 κατελιπε
1281 799 1363 882 lapis
1393 800 1568 863 Farnesiua
1607 799 1692 883 apud
1722 798 1899 863 Gruterum
1926 803 1957 882 s)
1994 802 2031 862 in

420 878 426 896 Ι
480 929 564 989 παρα
583 901 766 991 Μεγαβυζῳ
789 927 834 984 τῳ
858 927 915 978 της
940 897 1114 987 Αρτεμιδος
1136 925 1226 966 reoao·
1282 897 1347 985 quo
1369 905 1414 964 Μ.
1431 901 1585 964 Aurelius
1606 900 1821 983 Asclepiades
1848 902 1968 965 dicitur
1989 903 2031 970 0.

481 1031 536 1090 ρῳ,
563 1011 715 1089 deposuit
740 1007 828 1086 apud
850 1006 1227 1086 MegabyzumlDiunue
1281 999 1633 1066 ttPethTATOC.
1679 999 1798 1068 ΤΩΝ.
1848 999 2034 1066 ΝΕΩΚΟ-

482 1111 653 1172 aedituum
674 1103 790 1168 addito
811 1105 1035 1182 mandato,.si
1052 1103 1138 1188 quid
1164 1103 1226 1164 sibi
1284 1102 1400 1168 ΡΩΝ.
1429 1100 1535 1166 Tot.
1563 1097 1810 1169 ΜΕΓΑΛΟΤ.
1838 1101 2037 1168 CAPAIIt.

482 1209 665 1274 humenites
687 1205 917 1289 residissem).
955 1206 1051 1274 Vnde
1074 1205 1228 1288 intelligi·
1284 1201 1381 1266 AOC.
1412 1205 1529 1267 Senior
1550 1207 1638 1266 inter
1660 1208 1814 1268 aedituos
1836 1209 1951 1290 rnugni
1971 1207 2032 1270 Se-

484 1332 555 1374 rnua
577 1310 717 1393 primum
739 1309 883 1372 muneris
905 1308 1000 1390 hujus
1022 1321 1225 1380 vetustatem,
1284 1307 1421 1384 tepidis.
1452 1301 1551 1396 Quod
1575 1303 1663 1367 idem
1686 1308 1939 1370 testaturetiam
1950 1308 2031 1372 utr-

482 1411 849 1476 deinde-nuooororum
875 1407 953 1472 fidei
979 1409 1093 1472 solitos
1124 1409 1224 1472 fuisse
1282 1405 1633 1488 menstruatarum
1651 1408 1946 1492 Hin(Sarnpia)irt
1961 1411 2031 1474 As·

483 1512 575 1577 c'redi
591 1512 779 1586 thesauros,
804 1532 842 1574 ac
867 1511 922 1575 vel
942 1511 1020 1574 ideo
1044 1511 1102 1574 ltoa
1123 1510 1224 1574 fuisse
1279 1519 1384 1588 gypto
1399 1509 1535 1585 colitur,
1553 1510 1608 1570 isio
1625 1510 1802 1586 oderetur,
1819 1513 1916 1589 hujus
1928 1515 2033 1576 simo·

483 1615 572 1679 viros
597 1613 790 1695 conspicuae
814 1611 919 1674 famae
946 1625 980 1674 et
1005 1613 1161 1688 nominis,
1191 1625 1227 1674 et
1281 1607 1410 1697 lucrum
1424 1605 1648 1675 Neooororum
1666 1609 1930 1674 turbe-custodit
1945 1623 2011 1674 etc.¹

482 1714 566 1778 sseri
578 1715 781 1797 magistratus
791 1713 1121 1790 rationem-hahuisse,
1137 1713 1226 1797 quod
1349 1702 1400 1803 db
1427 1707 1477 1769 bis
1507 1728 1590 1792 ergo
1621 1709 1815 1774 testimoniis
1837 1711 2031 1792 erudimur,

483 1816 651 1906 praeclare
677 1815 957 1900 confirmatiflato
978 1818 1038 1878 tria
1062 1817 1227 1900 magistru-

483 1934 573 1982 tnum
595 1937 717 2000 genera
739 1917 957 1978 constituens:
986 1923 1104 1991 πολεως
1124 1913 1228 1992 deusu-

482 2045 562 2105 μυς,
585 2016 705 2103 ᾄεγοςας
724 2015 932 2104 duceremur,
963 2019 1044 2098 iretur
1071 2039 1225 2099 ssereret,

482 2126 577 2203 iretur
603 2142 637 2182 rs
664 2143 713 2180 sus
740 2122 865 2198 icterus,
899 2120 990 2181 urbis
1017 2130 1227 2200 astynomus,

472 2227 549 2306 sori
575 2215 811 2305 agorenomus,
841 2219 1034 2299 templorum
1057 2240 1226 2297 neocoros,

482 2325 672 2386 secerdotes
688 2341 795 2382 rueres
811 2332 846 2381 et
856 2320 1007 2400 femiam
1024 2316 1069 2400 ¹³).

546 2423 699 2501 Nemeseos
721 2410 830 2482 Latini
850 2417 993 2482 reddunt
1015 2422 1225 2494 aeditimum,

483 2528 673 2601 aedituum,
689 2535 843 2604 utroque
872 2519 1011 2603 perinde
1033 2519 1121 2584 dicto
1142 2535 1228 2586 teate

483 2628 633 2696 Varrone
656 2628 697 2705 ο).
727 2622 923 2685 semenstris
935 2623 1040 2703 seriis
1058 2627 1094 2686 in
1115 2626 1228 2686 oedem

486 2727 627 2790 Telluris
652 2745 803 2788 venerum
829 2738 966 2805 rogatus
993 2723 1034 2785 nb
1058 2723 1228 2802 aeditimo,

483 2843 521 2892 ut
538 2831 647 2890 dicere
667 2828 846 2906 didicimus
868 2844 888 2885 u
908 2825 1065 2906 patribus
1088 2832 1227 2905 nostris,

480 2944 518 2992 ut
537 2931 736 3013 corrigimur
757 2949 778 2990 u
796 2927 981 3002 recentibus
995 2929 1146 3004 urbanis,
1170 2947 1226 2991 ee·

480 3029 582 3094 dituo.
618 3027 715 3112 Apud
730 3028 911 3091 Ausonium
933 3023 983 3110 4)ε
1016 3027 1086 3111 Qui
1107 3029 1227 3092 Beleni

482 3132 630 3196 aedituus
656 3132 708 3193 nil
730 3133 801 3210 opis
826 3132 903 3192 inde
928 3131 1020 3192 tulit.
1060 3129 1224 3212 Sequiore

1281 1823 1495 1886 neocoratus,
1527 1810 1725 1888 vilis.olins,
1757 1825 1793 1874 ut
1821 1810 1907 1890 dixi,
1936 1813 2032 1876 mini·

1281 1912 1390 1987 aterii,
1409 1909 1530 1972 sensim
1547 1911 1692 1976 crevisse
1713 1912 1903 1996 dignitatem
1920 1928 2031 1980 ancto-

1282 2011 1498 2094 ritatemque,
1537 2024 1571 2073 et
1605 2014 1677 2078 reri
1713 2015 1891 2079 sacerdotii
1927 2017 2029 2080 instat·

1282 2111 1400 2190 fuisse,
1428 2115 1519 2196 eujus
1542 2126 1612 2175 erat
1632 2134 1811 2197 procurare
1829 2116 2031 2201 templorum

1282 2214 1442 2292 nitorem,
1466 2235 1503 2277 ac
1523 2215 1797 2294 substructiones,
1822 2203 2031 2304 tuerikpriri·

1282 2316 1389 2399 legia,
1420 2329 1453 2379 et
1482 2318 1573 2398 jura,
1609 2317 1775 2382 custodire
1802 2319 1957 2399 denuda,
1982 2337 2031 2386 ·et

1283 2437 1365 2501 queo
1388 2417 1434 2479 ibi
1458 2418 1549 2481 relat
1572 2421 1736 2482 communi
1751 2421 1841 2502 asylo
1858 2423 1951 2486 fuere
1972 2422 2031 2488 de·

1285 2519 1408 2602 positu,
1437 2521 1615 2604 pecunius,
1641 2521 1829 2599 thesauros,
1858 2535 2031 2590 testamen·

1286 2634 1333 2693 ta,
1362 2635 1425 2684 eto.
1456 2621 1571 2705 quibua
1599 2622 1719 2686 deinde
1746 2622 1806 2684 sub
1827 2613 2033 2712 imperatoriss

1284 2721 1361 2797 bus,
1399 2735 1433 2783 ut
1462 2723 1605 2800 dicetur,
1627 2725 1814 2788 accesserit
1844 2723 2030 2810 procuratio

1285 2821 1537 2902 seerilicioru'm,
1568 2810 1795 2910 ludorumque.
1839 2830 2038 2915 Secundum

1285 2924 1539 2988 Theodoretum.
1551 2927 1853 2993 Nencororum'iuit
1872 2934 2030 3018 ternplum

1282 3027 1489 3110 ingressuros
1506 3050 1588 3114 aque
1602 3030 1730 3093 lustrali
1747 3031 2030 3116 purificandicsu·

1283 3150 1318 3193 sa
1348 3151 1546 3213 aspergere,
1586 3143 1684 3217 atque
1712 3133 1800 3198 idem
1832 3135 2029 3202 beneficium

474 3254 563 3302 ¹aero
575 3251 651 3296 ¹usu
670 3229 823 3294 didiieiles
838 3228 946 3293 Lutini
960 3230 1066 3313 ipsum
1083 3230 1227 3295 Neucori
1282 3245 1450 3315 praestare
1472 3234 1623 3297 carnibus
1645 3237 1686 3298 ed
1707 3237 1854 3300 Caesaris
1884 3258 2028 3305 manum

480 3333 674 3398 venabulum
701 3334 736 3395 in
763 3333 907 3417 linguam
934 3353 1024 3394 suam
1039 3352 1224 3415 recepere.
1283 3331 1463 3399 destinatis.
1486 3335 1667 3420 Vtriusque
1689 3333 1796 3402 adfert
1818 3343 1970 3424 exempla
1993 3342 2029 3428 ¹).

398 3441 399 3450 ’
481 3437 535 3500 stc
554 3437 597 3497 ,in
622 3435 728 3498 sumis
751 3433 907 3499 Coloniae
933 3433 1227 3516 NeapolisSams·
1267 3435 1492 3522 ‘Nequaquam
1531 3437 1615 3502 adeo
1653 3441 1789 3518 mirum,
1838 3443 2030 3524 archontes,

480 3536 962 3618 riae'Lstina'inacriptis'liaeo
980 3535 1099 3598 dieitur
1117 3534 1225 3597 Ntto-
1282 3555 1453 3622 prytanes,
1491 3551 1653 3624 strategos
1686 3542 1831 3628 aliosque
1864 3546 2031 3631 magistra·

470 3639 612 3706 dimid.
631 3641 679 3700 ‘lu
696 3657 858 3699 marmore
876 3638 1035 3702 Gruteri:·
1057 3635 1226 3702 NEOCO-
1281 3653 1333 3701 tua
1364 3659 1542 3723 anonymos
1573 3658 1769 3708 neocoratua
1798 3646 1895 3710 etiam
1927 3647 2030 3712 bono·

471 3739 910 3806 .1t0..flttstt0t‹“sttrsts.
940 3752 1004 3804 ete.
1027 3741 1056 3822 ο)
1092 3753 1225 3822 praeter
1281 3761 1352 3803 rem
1369 3741 1569 3821 adfectasse,
1588 3763 1729 3831 eumque
1747 3747 1934 3814 testimonio
1948 3770 2032 3816 susa·

479 3841 751 3906 Ftrmtcumtnox
767 3839 940 3904 nitendum.
967 3840 1075 3905 Aliter
1092 3842 1223 3906 Tacitus
1281 3855 1410 3906 morum
1430 3865 1669 3936 numerumque
1697 3849 1834 3936 reliquis
1862 3851 1929 3916 suis
1957 3851 2031 3916 titu-

467 3943 616 4007 -iusulsm
632 3943 814 4008 -Cssoeas
836 3945 1023 4026 Aesculapii
1048 3943 1103 4008 dai
1129 3949 1226 4008 mini·
1271 3944 1323 4008 lis
1350 3945 1521 4029 adjecisse.
1554 3950 1715 4036 Exempla
1743 3973 1785 4016 ux
1813 3953 2029 4018 marmoribus

479 4059 583 4111 strum
609 4043 640 4128 b.)
658 4045 801 4122 ›id-eat:
823 4067 1009 4111 secueram.
1046 4047 1162 4112 Fuisse
1189 4047 1224 4109 in
1281 4069 1349 4110 non
1378 4049 1512 4127 adiero,
1552 4073 1692 4138 quorum
1725 4055 1894 4138 complura
1925 4055 2027 4121 bubus

468 4147 645 4213 nonnullis
660 4149 796 4213 utbibus
811 4151 1040 4214 Neoooroanm
1061 4148 1224 4234 quoddam
1282 4152 1366 4236 apud
1390 4154 1458 4220 Van
1482 4153 1566 4218 Dsla
1589 4154 1636 4238 ιι).
1674 4157 1719 4220 At
1744 4157 1838 4221 lubet
1863 4177 2029 4223 neocoros

478 4249 672 4338 collegium,
691 4251 969 4340 atque'hosiutar
985 4251 1146 4337 aliquem,
1168 4255 1225 4338 qni
1278 4275 1413 4332 omnes,
1444 4271 1602 4342 quotquot
1622 4256 1656 4320 in
1678 4260 1784 4324 numia
1797 4261 1935 4346 προτὶ,
1957 4261 2029 4326 ‘hoe

511 4587 606 4645 al'De
623 4587 827 4664 expumcyri.
846 4588 926 4648 t..v.
945 4609 974 4668 p.
983 4609 1022 4649 tn.
1040 4603 1102 4656 350.
1204 4593 1247 4666 b)
1268 4593 1305 4650 de
1323 4589 1524 4668 legib-Lavi.
1624 4599 1666 4668 e)
1689 4597 1726 4654 de
1745 4611 1865 4680 retrust.
1883 4597 1950 4656 t.t.
1968 4613 2029 4662 et.

474 4677 513 4746 djt
531 4677 702 4740 Cerintoo.
723 4691 764 4752 19.
843 4683 875 4751 e)
895 4699 963 4757 pag·
978 4695 1053 4743 ttot.
1070 4695 1098 4744 2.
1178 4683 1210 4756 l)
1231 4683 1382 4742 Anntffl.
1396 4687 1443 4746 6¹·
1518 4687 1551 4760 g)
1572 4695 1708 4762 pag-Sti.
1729 4701 1750 4748 t.
1826 4687 1861 4759 h)
1881 4689 1919 4745 de
1938 4707 2021 4747 error

471 4769 548 4843 proi.
568 4767 619 4826 rel.
635 4787 665 4846 p.
677 4787 714 4826 tu.
728 4781 791 4832 452.
868 4769 891 4839 i)
913 4769 944 4826 L.
955 4769 1005 4828 ill.
1024 4792 1049 4828 c.
1059 4775 1086 4834 6.
1103 4785 1132 4828 et
1150 4785 1191 4836 tt.
1266 4775 1299 4828 tt
1322 4774 1393 4836 diss,
1406 4774 1453 4832 Ν.
1472 4797 1495 4832 c.
1509 4794 1532 4838 1.
