<?xml version="1.0" encoding="UTF-8"?>
<!DOCTYPE html PUBLIC "-//W3C//DTD XHTML 1.0 Transitional//EN"
    "http://www.w3.org/TR/xhtml1/DTD/xhtml1-transitional.dtd">
<html xmlns="http://www.w3.org/1999/xhtml" xml:lang="en" lang="en">
 <head>
  <title>
</title>
<meta http-equiv="Content-Type" content="text/html;charset=utf-8" />
  <meta name='ocr-system' content='tesseract 3.04.00' />
  <meta name='ocr-capabilities' content='ocr_page ocr_carea ocr_par ocr_line ocrx_word'/>
</head>
<body>
  <div class='ocr_page' id='page_1' title='image "./doctrinanvmorvm05grangoog/doctrinanvmorvm05grangoog_0056.png"; bbox 0 0 4444 5558; ppageno 0'>
   <div class='ocr_carea' id='block_1_1' title="bbox 659 477 1746 630">
    <p class='ocr_par' dir='ltr' id='par_1_1' title="bbox 659 477 1746 630">
     <span class='ocr_line' id='line_1_1' title="bbox 659 477 1746 630; baseline 0.008 -23"><span class='ocrx_word' id='word_1_1' title='bbox 659 533 808 608; x_wconf 78' lang='lat' dir='ltr'><strong>ttt&#39;ttt</strong></span> <span class='ocrx_word' id='word_1_2' title='bbox 845 533 1278 608; x_wconf 81' lang='lat' dir='ltr'><strong>ALEXANDRINI.</strong></span> <span class='ocrx_word' id='word_1_3' title='bbox 1683 477 1746 630; x_wconf 61' lang='lat' dir='ltr'><strong>¹tta</strong></span> 
     </span>
    </p>
   </div>
   <div class='ocr_carea' id='block_1_2' title="bbox 119 701 1795 4539">
    <p class='ocr_par' dir='ltr' id='par_1_2' title="bbox 119 701 1795 4539">
     <span class='ocr_line' id='line_1_2' title="bbox 192 701 1749 789; baseline -0.001 -22"><span class='ocrx_word' id='word_1_4' title='bbox 192 703 321 768; x_wconf 83' lang='lat' dir='ltr'><strong>Eodem</strong></span> <span class='ocrx_word' id='word_1_5' title='bbox 355 703 509 789; x_wconf 82' lang='lat' dir='ltr'><strong>exemplo</strong></span> <span class='ocrx_word' id='word_1_6' title='bbox 541 701 640 766; x_wconf 89' lang='lat' dir='ltr'><strong>urbes</strong></span> <span class='ocrx_word' id='word_1_7' title='bbox 672 723 823 788; x_wconf 85' lang='lat' dir='ltr'><strong>quoque,</strong></span> <span class='ocrx_word' id='word_1_8' title='bbox 866 723 940 766; x_wconf 91' lang='lat' dir='ltr'><strong>cum</strong></span> <span class='ocrx_word' id='word_1_9' title='bbox 997 701 1115 764; x_wconf 88' lang='lat' dir='ltr'><strong>stantio</strong></span> <span class='ocrx_word' id='word_1_10' title='bbox 1141 701 1285 777; x_wconf 86' lang='lat' dir='ltr'><strong>Chloro‚</strong></span> <span class='ocrx_word' id='word_1_11' title='bbox 1319 716 1352 764; x_wconf 90' lang='lat' dir='ltr'><strong>et</strong></span> <span class='ocrx_word' id='word_1_12' title='bbox 1378 703 1450 778; x_wconf 81' lang='lat' dir='ltr'><strong>Gal.</strong></span> <span class='ocrx_word' id='word_1_13' title='bbox 1471 708 1667 777; x_wconf 78' lang='lat' dir='ltr'>Maximiano</span> <span class='ocrx_word' id='word_1_14' title='bbox 1694 711 1749 777; x_wconf 68' lang='lat' dir='ltr'><strong>ba.</strong></span> 
     </span>
     <span class='ocr_line' id='line_1_3' title="bbox 192 803 1747 896; baseline 0.005 -29"><span class='ocrx_word' id='word_1_15' title='bbox 192 827 310 872; x_wconf 82' lang='lat' dir='ltr'><strong>noram</strong></span> <span class='ocrx_word' id='word_1_16' title='bbox 348 808 505 892; x_wconf 79' lang='lat' dir='ltr'><strong>epocham</strong></span> <span class='ocrx_word' id='word_1_17' title='bbox 543 805 757 881; x_wconf 79' lang='lat' dir='ltr'><strong>induxerant,</strong></span> <span class='ocrx_word' id='word_1_18' title='bbox 799 803 940 890; x_wconf 85' lang='lat' dir='ltr'><strong>primum</strong></span> <span class='ocrx_word' id='word_1_19' title='bbox 995 804 1061 865; x_wconf 83' lang='lat' dir='ltr'><strong>bita</strong></span> <span class='ocrx_word' id='word_1_20' title='bbox 1101 804 1185 866; x_wconf 90' lang='lat' dir='ltr'><strong>ratio</strong></span> <span class='ocrx_word' id='word_1_21' title='bbox 1223 805 1403 870; x_wconf 74' lang='lat' dir='ltr'><strong>Caesareae</strong></span> <span class='ocrx_word' id='word_1_22' title='bbox 1438 806 1615 892; x_wconf 89' lang='lat' dir='ltr'><strong>dignitatis.</strong></span> <span class='ocrx_word' id='word_1_23' title='bbox 1663 814 1747 896; x_wconf 70' lang='lat' dir='ltr'><strong>vida</strong></span> 
     </span>
     <span class='ocr_line' id='line_1_4' title="bbox 193 905 1749 994; baseline 0.008 -24"><span class='ocrx_word' id='word_1_24' title='bbox 193 909 263 990; x_wconf 91' lang='lat' dir='ltr'><strong>ejus</strong></span> <span class='ocrx_word' id='word_1_25' title='bbox 293 930 413 972; x_wconf 90' lang='lat' dir='ltr'><strong>annum</strong></span> <span class='ocrx_word' id='word_1_26' title='bbox 442 909 638 992; x_wconf 85' lang='lat' dir='ltr'><strong>plerumque</strong></span> <span class='ocrx_word' id='word_1_27' title='bbox 675 907 861 969; x_wconf 87' lang='lat' dir='ltr'><strong>babuerunt</strong></span> <span class='ocrx_word' id='word_1_28' title='bbox 894 907 941 968; x_wconf 89' lang='lat' dir='ltr'><strong>iu·</strong></span> <span class='ocrx_word' id='word_1_29' title='bbox 996 925 1112 968; x_wconf 87' lang='lat' dir='ltr'><strong>eorum</strong></span> <span class='ocrx_word' id='word_1_30' title='bbox 1143 905 1228 969; x_wconf 84' lang='lat' dir='ltr'><strong>inira</strong></span> <span class='ocrx_word' id='word_1_31' title='bbox 1255 926 1383 970; x_wconf 87' lang='lat' dir='ltr'><strong>nomos.</strong></span> <span class='ocrx_word' id='word_1_32' title='bbox 1424 911 1590 994; x_wconf 74' lang='lat' dir='ltr'><strong>Augustae</strong></span> <span class='ocrx_word' id='word_1_33' title='bbox 1618 917 1749 982; x_wconf 87' lang='lat' dir='ltr'><strong>marito·</strong></span> 
     </span>
     <span class='ocr_line' id='line_1_5' title="bbox 193 1006 1750 1096; baseline -0.001 -24"><span class='ocrx_word' id='word_1_34' title='bbox 193 1008 410 1094; x_wconf 88' lang='lat' dir='ltr'><strong>completum,</strong></span> <span class='ocrx_word' id='word_1_35' title='bbox 431 1009 519 1096; x_wconf 83' lang='lat' dir='ltr'><strong>quod</strong></span> <span class='ocrx_word' id='word_1_36' title='bbox 536 1009 745 1072; x_wconf 84' lang='lat' dir='ltr'><strong>observatum</strong></span> <span class='ocrx_word' id='word_1_37' title='bbox 761 1006 822 1070; x_wconf 81' lang='lat' dir='ltr'><strong>tuit</strong></span> <span class='ocrx_word' id='word_1_38' title='bbox 842 1008 940 1070; x_wconf 85' lang='lat' dir='ltr'><strong>etiam</strong></span> <span class='ocrx_word' id='word_1_39' title='bbox 996 1028 1069 1070; x_wconf 90' lang='lat' dir='ltr'><strong>rum</strong></span> <span class='ocrx_word' id='word_1_40' title='bbox 1099 1027 1199 1068; x_wconf 90' lang='lat' dir='ltr'><strong>annos</strong></span> <span class='ocrx_word' id='word_1_41' title='bbox 1221 1021 1334 1071; x_wconf 86' lang='lat' dir='ltr'><strong>nactae</strong></span> <span class='ocrx_word' id='word_1_42' title='bbox 1362 1023 1446 1070; x_wconf 89' lang='lat' dir='ltr'><strong>sunt.</strong></span> <span class='ocrx_word' id='word_1_43' title='bbox 1484 1013 1588 1080; x_wconf 83' lang='lat' dir='ltr'><strong>Vnam</strong></span> <span class='ocrx_word' id='word_1_44' title='bbox 1617 1017 1750 1081; x_wconf 77' lang='lat' dir='ltr'><strong>Seueri.</strong></span> 
     </span>
     <span class='ocr_line' id='line_1_6' title="bbox 193 1108 1749 1181; baseline -0.002 -7"><span class='ocrx_word' id='word_1_45' title='bbox 193 1109 233 1174; x_wconf 89' lang='lat' dir='ltr'><strong>ab</strong></span> <span class='ocrx_word' id='word_1_46' title='bbox 256 1111 470 1177; x_wconf 85' lang='lat' dir='ltr'><strong>Antiochenis</strong></span> <span class='ocrx_word' id='word_1_47' title='bbox 498 1113 533 1174; x_wconf 92' lang='lat' dir='ltr'><strong>in</strong></span> <span class='ocrx_word' id='word_1_48' title='bbox 560 1108 730 1174; x_wconf 85' lang='lat' dir='ltr'><strong>statuenda</strong></span> <span class='ocrx_word' id='word_1_49' title='bbox 759 1130 835 1173; x_wconf 90' lang='lat' dir='ltr'><strong>aera</strong></span> <span class='ocrx_word' id='word_1_50' title='bbox 863 1110 944 1172; x_wconf 86' lang='lat' dir='ltr'><strong>Cae·</strong></span> <span class='ocrx_word' id='word_1_51' title='bbox 998 1129 1072 1170; x_wconf 89' lang='lat' dir='ltr'><strong>nam</strong></span> <span class='ocrx_word' id='word_1_52' title='bbox 1093 1109 1298 1171; x_wconf 71' lang='lat' dir='ltr'><strong>continuasse</strong></span> <span class='ocrx_word' id='word_1_53' title='bbox 1317 1112 1438 1176; x_wconf 87' lang='lat' dir='ltr'><strong>mortui</strong></span> <span class='ocrx_word' id='word_1_54' title='bbox 1454 1112 1623 1181; x_wconf 71' lang='lat' dir='ltr'><strong>Aureliani</strong></span> <span class='ocrx_word' id='word_1_55' title='bbox 1643 1119 1749 1180; x_wconf 67' lang='lat' dir='ltr'><strong>mariti</strong></span> 
     </span>
     <span class='ocr_line' id='line_1_7' title="bbox 119 1199 1747 1299; baseline 0.005 -25"><span class='ocrx_word' id='word_1_56' title='bbox 119 1281 126 1297; x_wconf 42' lang='grc' dir='ltr'><strong><em>Ι</em></strong></span> <span class='ocrx_word' id='word_1_57' title='bbox 193 1214 336 1290; x_wconf 80' lang='lat' dir='ltr'><strong>seriana,</strong></span> <span class='ocrx_word' id='word_1_58' title='bbox 367 1199 522 1299; x_wconf 86' lang='lat' dir='ltr'><strong>aliisque,</strong></span> <span class='ocrx_word' id='word_1_59' title='bbox 552 1213 595 1276; x_wconf 90' lang='lat' dir='ltr'><strong>de</strong></span> <span class='ocrx_word' id='word_1_60' title='bbox 627 1233 688 1296; x_wconf 88' lang='lat' dir='ltr'><strong>qua</strong></span> <span class='ocrx_word' id='word_1_61' title='bbox 717 1211 796 1294; x_wconf 91' lang='lat' dir='ltr'><strong>lege</strong></span> <span class='ocrx_word' id='word_1_62' title='bbox 826 1225 942 1296; x_wconf 87' lang='lat' dir='ltr'><strong>agetur</strong></span> <span class='ocrx_word' id='word_1_63' title='bbox 998 1230 1119 1286; x_wconf 83' lang='lat' dir='ltr'><strong>annos,</strong></span> <span class='ocrx_word' id='word_1_64' title='bbox 1153 1229 1193 1272; x_wconf 82' lang='lat' dir='ltr'><strong>ex</strong></span> <span class='ocrx_word' id='word_1_65' title='bbox 1222 1209 1327 1272; x_wconf 89' lang='lat' dir='ltr'><strong>nornis</strong></span> <span class='ocrx_word' id='word_1_66' title='bbox 1357 1212 1527 1295; x_wconf 78' lang='lat' dir='ltr'><strong>probabile</strong></span> <span class='ocrx_word' id='word_1_67' title='bbox 1550 1217 1598 1281; x_wconf 87' lang='lat' dir='ltr'><strong>iit.</strong></span> <span class='ocrx_word' id='word_1_68' title='bbox 1642 1219 1747 1295; x_wconf 82' lang='lat' dir='ltr'><strong>Vide,</strong></span> 
     </span>
     <span class='ocr_line' id='line_1_8' title="bbox 194 1311 1749 1402; baseline 0.006 -26"><span class='ocrx_word' id='word_1_69' title='bbox 194 1315 326 1380; x_wconf 87' lang='lat' dir='ltr'><strong>uberius</strong></span> <span class='ocrx_word' id='word_1_70' title='bbox 355 1315 388 1376; x_wconf 92' lang='lat' dir='ltr'><strong>iu</strong></span> <span class='ocrx_word' id='word_1_71' title='bbox 417 1327 556 1378; x_wconf 85' lang='lat' dir='ltr'><strong>tractatu</strong></span> <span class='ocrx_word' id='word_1_72' title='bbox 584 1313 627 1377; x_wconf 86' lang='lat' dir='ltr'><strong>de</strong></span> <span class='ocrx_word' id='word_1_73' title='bbox 655 1312 799 1397; x_wconf 86' lang='lat' dir='ltr'><strong>epochis.</strong></span> <span class='ocrx_word' id='word_1_74' title='bbox 842 1313 958 1402; x_wconf 81' lang='lat' dir='ltr'><strong>Prae·¹</strong></span> <span class='ocrx_word' id='word_1_75' title='bbox 1000 1332 1082 1396; x_wconf 87' lang='lat' dir='ltr'><strong>quae</strong></span> <span class='ocrx_word' id='word_1_76' title='bbox 1097 1311 1279 1376; x_wconf 87' lang='lat' dir='ltr'><strong>notabimus</strong></span> <span class='ocrx_word' id='word_1_77' title='bbox 1293 1311 1334 1374; x_wconf 83' lang='lat' dir='ltr'><strong>ad</strong></span> <span class='ocrx_word' id='word_1_78' title='bbox 1348 1316 1518 1380; x_wconf 89' lang='lat' dir='ltr'><strong>Aureliani</strong></span> <span class='ocrx_word' id='word_1_79' title='bbox 1530 1339 1647 1394; x_wconf 85' lang='lat' dir='ltr'><strong>numos</strong></span> <span class='ocrx_word' id='word_1_80' title='bbox 1661 1341 1749 1384; x_wconf 90' lang='lat' dir='ltr'><strong>eom·</strong></span> 
     </span>
     <span class='ocr_line' id='line_1_9' title="bbox 194 1412 1262 1482; baseline -0.003 -5"><span class='ocrx_word' id='word_1_81' title='bbox 194 1417 282 1481; x_wconf 89' lang='lat' dir='ltr'><strong>clare</strong></span> <span class='ocrx_word' id='word_1_82' title='bbox 311 1435 394 1482; x_wconf 80' lang='lat' dir='ltr'><strong>vero</strong></span> <span class='ocrx_word' id='word_1_83' title='bbox 426 1417 523 1479; x_wconf 88' lang='lat' dir='ltr'><strong>etiam</strong></span> <span class='ocrx_word' id='word_1_84' title='bbox 557 1416 612 1480; x_wconf 90' lang='lat' dir='ltr'><strong>bic</strong></span> <span class='ocrx_word' id='word_1_85' title='bbox 643 1414 941 1478; x_wconf 82' lang='lat' dir='ltr'><strong>Alexandrinorum</strong></span> <span class='ocrx_word' id='word_1_86' title='bbox 998 1413 1093 1478; x_wconf 87' lang='lat' dir='ltr'><strong>matis</strong></span> <span class='ocrx_word' id='word_1_87' title='bbox 1112 1412 1262 1476; x_wconf 81' lang='lat' dir='ltr'><strong>Romani.</strong></span> 
     </span>
     <span class='ocr_line' id='line_1_10' title="bbox 192 1515 1748 1602; baseline 0.002 -22"><span class='ocrx_word' id='word_1_88' title='bbox 192 1537 265 1582; x_wconf 89' lang='lat' dir='ltr'><strong>mos</strong></span> <span class='ocrx_word' id='word_1_89' title='bbox 295 1517 528 1602; x_wconf 86' lang='lat' dir='ltr'><strong>comprobatur</strong></span> <span class='ocrx_word' id='word_1_90' title='bbox 557 1518 711 1600; x_wconf 85' lang='lat' dir='ltr'><strong>exemplo</strong></span> <span class='ocrx_word' id='word_1_91' title='bbox 739 1517 864 1581; x_wconf 78' lang='lat' dir='ltr'><strong>vicinae</strong></span> <span class='ocrx_word' id='word_1_92' title='bbox 891 1518 944 1576; x_wconf 89' lang='lat' dir='ltr'><strong>lu·</strong></span> <span class='ocrx_word' id='word_1_93' title='bbox 1085 1515 1123 1576; x_wconf 85' lang='lat' dir='ltr'><strong>tt.</strong></span> <span class='ocrx_word' id='word_1_94' title='bbox 1143 1515 1313 1576; x_wconf 82' lang='lat' dir='ltr'><strong>Annorum</strong></span> <span class='ocrx_word' id='word_1_95' title='bbox 1341 1517 1470 1580; x_wconf 87' lang='lat' dir='ltr'><strong>numeri</strong></span> <span class='ocrx_word' id='word_1_96' title='bbox 1489 1520 1646 1584; x_wconf 85' lang='lat' dir='ltr'><strong>autnotis</strong></span> <span class='ocrx_word' id='word_1_97' title='bbox 1665 1521 1748 1583; x_wconf 85' lang='lat' dir='ltr'><strong>indi·</strong></span> 
     </span>
     <span class='ocr_line' id='line_1_11' title="bbox 194 1613 1748 1697; baseline 0.003 -15"><span class='ocrx_word' id='word_1_98' title='bbox 194 1619 311 1697; x_wconf 84' lang='lat' dir='ltr'><strong>dacae,</strong></span> <span class='ocrx_word' id='word_1_99' title='bbox 336 1633 373 1682; x_wconf 90' lang='lat' dir='ltr'><strong>ut</strong></span> <span class='ocrx_word' id='word_1_100' title='bbox 396 1619 537 1682; x_wconf 87' lang='lat' dir='ltr'><strong>habetor</strong></span> <span class='ocrx_word' id='word_1_101' title='bbox 554 1619 588 1681; x_wconf 93' lang='lat' dir='ltr'><strong>in</strong></span> <span class='ocrx_word' id='word_1_102' title='bbox 605 1617 746 1682; x_wconf 79' lang='lat' dir='ltr'><strong>Talmntl</strong></span> <span class='ocrx_word' id='word_1_103' title='bbox 763 1616 942 1682; x_wconf 82' lang='lat' dir='ltr'><strong>secundum</strong></span> <span class='ocrx_word' id='word_1_104' title='bbox 1001 1615 1176 1690; x_wconf 81' lang='lat' dir='ltr'><strong>satisunt,</strong></span> <span class='ocrx_word' id='word_1_105' title='bbox 1207 1616 1277 1676; x_wconf 81' lang='lat' dir='ltr'><strong>utr&#39;-</strong></span> <span class='ocrx_word' id='word_1_106' title='bbox 1293 1615 1334 1680; x_wconf 87' lang='lat' dir='ltr'><strong>A.</strong></span> <span class='ocrx_word' id='word_1_107' title='bbox 1357 1613 1396 1676; x_wconf 89' lang='grc' dir='ltr'><strong>Δ.</strong></span> <span class='ocrx_word' id='word_1_108' title='bbox 1419 1615 1474 1684; x_wconf 88' lang='grc' dir='ltr'><strong>ΙΒ.</strong></span> <span class='ocrx_word' id='word_1_109' title='bbox 1497 1621 1571 1682; x_wconf 81' lang='grc' dir='ltr'><strong>ΚΑ.</strong></span> <span class='ocrx_word' id='word_1_110' title='bbox 1601 1634 1664 1688; x_wconf 86' lang='lat' dir='ltr'><strong>eto.</strong></span> <span class='ocrx_word' id='word_1_111' title='bbox 1693 1637 1748 1695; x_wconf 88' lang='lat' dir='ltr'><strong>aut</strong></span> 
     </span>
     <span class='ocr_line' id='line_1_12' title="bbox 193 1715 1748 1806; baseline -0.001 -19"><span class='ocrx_word' id='word_1_112' title='bbox 193 1721 498 1806; x_wconf 73' lang='lat' dir='ltr'><strong>interpretationem</strong></span> <span class='ocrx_word' id='word_1_113' title='bbox 540 1721 704 1784; x_wconf 85' lang='lat' dir='ltr'><strong>Buxtorfii</strong></span> <span class='ocrx_word' id='word_1_114' title='bbox 731 1723 783 1801; x_wconf 84' lang='grc' dir='ltr'><strong>·)ι</strong></span> <span class='ocrx_word' id='word_1_115' title='bbox 828 1721 944 1782; x_wconf 80' lang='lat' dir='ltr'><strong>Prima</strong></span> <span class='ocrx_word' id='word_1_116' title='bbox 1001 1715 1079 1794; x_wconf 77' lang='lat' dir='ltr'><strong>inda</strong></span> <span class='ocrx_word' id='word_1_117' title='bbox 1098 1738 1118 1779; x_wconf 86' lang='lat' dir='ltr'><strong>a</strong></span> <span class='ocrx_word' id='word_1_118' title='bbox 1135 1715 1335 1800; x_wconf 84' lang='lat' dir='ltr'><strong>Vespasiano</strong></span> <span class='ocrx_word' id='word_1_119' title='bbox 1361 1720 1478 1801; x_wconf 90' lang='lat' dir='ltr'><strong>partim</strong></span> <span class='ocrx_word' id='word_1_120' title='bbox 1500 1722 1604 1799; x_wconf 86' lang='lat' dir='ltr'><strong>notis,</strong></span> <span class='ocrx_word' id='word_1_121' title='bbox 1629 1724 1748 1806; x_wconf 88' lang='lat' dir='ltr'><strong>partim</strong></span> 
     </span>
     <span class='ocr_line' id='line_1_13' title="bbox 194 1817 1770 1920; baseline 0.001 -36"><span class='ocrx_word' id='word_1_122' title='bbox 194 1821 390 1888; x_wconf 79' lang='lat' dir='ltr'><strong>diesNiaan</strong></span> <span class='ocrx_word' id='word_1_123' title='bbox 410 1835 462 1886; x_wconf 81' lang='lat' dir='ltr'><strong>cst</strong></span> <span class='ocrx_word' id='word_1_124' title='bbox 481 1844 584 1886; x_wconf 84' lang='lat' dir='ltr'><strong>novos</strong></span> <span class='ocrx_word' id='word_1_125' title='bbox 605 1843 711 1884; x_wconf 81' lang='lat' dir='ltr'><strong>annus</strong></span> <span class='ocrx_word' id='word_1_126' title='bbox 727 1839 859 1903; x_wconf 67' lang='lat' dir='ltr'><strong>regum</strong></span> <span class='ocrx_word' id='word_1_127' title='bbox 888 1841 946 1882; x_wconf 91' lang='lat' dir='ltr'><strong>an·</strong></span> <span class='ocrx_word' id='word_1_128' title='bbox 1000 1818 1100 1902; x_wconf 87' lang='lat' dir='ltr'><strong>piene</strong></span> <span class='ocrx_word' id='word_1_129' title='bbox 1126 1817 1257 1900; x_wconf 87' lang='lat' dir='ltr'><strong>scripti,</strong></span> <span class='ocrx_word' id='word_1_130' title='bbox 1287 1828 1339 1878; x_wconf 83' lang='lat' dir='ltr'><strong>ut:</strong></span> <span class='ocrx_word' id='word_1_131' title='bbox 1373 1817 1628 1887; x_wconf 81' lang='grc' dir='ltr'><strong>ΔΕΤΤΕΡΟΤ.</strong></span> <span class='ocrx_word' id='word_1_132' title='bbox 1657 1822 1770 1920; x_wconf 47' lang='lat' dir='ltr'><strong>TPI·k</strong></span> 
     </span>
     <span class='ocr_line' id='line_1_14' title="bbox 196 1915 1749 2004; baseline 0.001 -19"><span class='ocrx_word' id='word_1_133' title='bbox 196 1942 258 1985; x_wconf 85' lang='lat' dir='ltr'><strong>nus</strong></span> <span class='ocrx_word' id='word_1_134' title='bbox 279 1922 339 1985; x_wconf 76' lang='lat' dir='ltr'><strong>itte</strong></span> <span class='ocrx_word' id='word_1_135' title='bbox 355 1933 424 1998; x_wconf 80' lang='lat' dir='ltr'><strong>ast,</strong></span> <span class='ocrx_word' id='word_1_136' title='bbox 450 1943 472 1986; x_wconf 89' lang='lat' dir='ltr'><strong>o</strong></span> <span class='ocrx_word' id='word_1_137' title='bbox 487 1943 550 2003; x_wconf 77' lang='lat' dir='ltr'><strong>ouo</strong></span> <span class='ocrx_word' id='word_1_138' title='bbox 568 1943 756 2001; x_wconf 82' lang='lat' dir='ltr'><strong>nunterare,</strong></span> <span class='ocrx_word' id='word_1_139' title='bbox 777 1934 811 1986; x_wconf 85' lang='lat' dir='ltr'><strong>et</strong></span> <span class='ocrx_word' id='word_1_140' title='bbox 826 1941 944 2004; x_wconf 77' lang='lat' dir='ltr'><strong>snppu·</strong></span> <span class='ocrx_word' id='word_1_141' title='bbox 1003 1917 1106 1981; x_wconf 78' lang='lat' dir='ltr'><strong>Tor.</strong></span> <span class='ocrx_word' id='word_1_142' title='bbox 1124 1915 1385 1985; x_wconf 77' lang='lat' dir='ltr'><strong>TETAPTOT.</strong></span> <span class='ocrx_word' id='word_1_143' title='bbox 1403 1918 1656 1987; x_wconf 77' lang='lat' dir='ltr'><strong>ssEMttToT.</strong></span> <span class='ocrx_word' id='word_1_144' title='bbox 1673 1924 1749 1986; x_wconf 82' lang='grc' dir='ltr'><strong>ΕΚ·</strong></span> 
     </span>
     <span class='ocr_line' id='line_1_15' title="bbox 195 2015 1749 2107; baseline -0.001 -21"><span class='ocrx_word' id='word_1_145' title='bbox 195 2035 269 2086; x_wconf 84' lang='lat' dir='ltr'><strong>tare</strong></span> <span class='ocrx_word' id='word_1_146' title='bbox 283 2023 487 2106; x_wconf 79' lang='lat' dir='ltr'><strong>incipiebant</strong></span> <span class='ocrx_word' id='word_1_147' title='bbox 506 2044 610 2087; x_wconf 88' lang='lat' dir='ltr'><strong>annos</strong></span> <span class='ocrx_word' id='word_1_148' title='bbox 627 2027 724 2107; x_wconf 79' lang='lat' dir='ltr'><strong>regni</strong></span> <span class='ocrx_word' id='word_1_149' title='bbox 738 2043 851 2107; x_wconf 78' lang='lat' dir='ltr'><strong>regum</strong></span> <span class='ocrx_word' id='word_1_150' title='bbox 868 2043 944 2085; x_wconf 85' lang='lat' dir='ltr'><strong>suo·</strong></span> <span class='ocrx_word' id='word_1_151' title='bbox 966 2067 975 2084; x_wconf 82' lang='lat'><strong>.</strong></span> <span class='ocrx_word' id='word_1_152' title='bbox 1002 2017 1105 2084; x_wconf 82' lang='grc' dir='ltr'><strong>ΤΟΤ.</strong></span> <span class='ocrx_word' id='word_1_153' title='bbox 1126 2015 1363 2084; x_wconf 81' lang='grc' dir='ltr'><strong>ΕΒΔΟΜΟΤ,</strong></span> <span class='ocrx_word' id='word_1_154' title='bbox 1384 2019 1446 2082; x_wconf 87' lang='lat' dir='ltr'><strong>EN</strong></span> <span class='ocrx_word' id='word_1_155' title='bbox 1453 2019 1588 2084; x_wconf 74' lang='lat' dir='ltr'><strong>ATot&#39;.</strong></span> <span class='ocrx_word' id='word_1_156' title='bbox 1610 2021 1749 2085; x_wconf 80' lang='grc' dir='ltr'>ΔΕΚΑ-</span> 
     </span>
     <span class='ocr_line' id='line_1_16' title="bbox 173 2117 1795 2210; baseline 0.001 -24"><span class='ocrx_word' id='word_1_157' title='bbox 173 2145 267 2186; x_wconf 81' lang='lat' dir='ltr'><strong>¹rum</strong></span> <span class='ocrx_word' id='word_1_158' title='bbox 293 2127 331 2187; x_wconf 84' lang='lat' dir='ltr'><strong>t&#39;n</strong></span> <span class='ocrx_word' id='word_1_159' title='bbox 354 2126 598 2202; x_wconf 77' lang='lat' dir='ltr'><strong>contractibus,</strong></span> <span class='ocrx_word' id='word_1_160' title='bbox 630 2123 883 2208; x_wconf 58' lang='lat' dir='ltr'><strong>chirographis.</strong></span> <span class='ocrx_word' id='word_1_161' title='bbox 907 2134 942 2185; x_wconf 83' lang='lat' dir='ltr'><strong>et</strong></span> <span class='ocrx_word' id='word_1_162' title='bbox 1001 2117 1105 2183; x_wconf 76' lang='lat' dir='ltr'><strong>Tot.</strong></span> <span class='ocrx_word' id='word_1_163' title='bbox 1122 2119 1155 2179; x_wconf 89' lang='lat' dir='ltr'><strong>in</strong></span> <span class='ocrx_word' id='word_1_164' title='bbox 1172 2119 1381 2210; x_wconf 75' lang='lat' dir='ltr'><strong>compositis:</strong></span> <span class='ocrx_word' id='word_1_165' title='bbox 1400 2119 1746 2188; x_wconf 65' lang='lat' dir='ltr'><strong>tnettoettator.</strong></span> <span class='ocrx_word' id='word_1_166' title='bbox 1790 2193 1795 2206; x_wconf 31' lang='lat'>⁸</span> 
     </span>
     <span class='ocr_line' id='line_1_17' title="bbox 189 2211 1747 2310; baseline -0.001 -23"><span class='ocrx_word' id='word_1_167' title='bbox 189 2226 336 2310; x_wconf 81' lang='lat' dir='ltr'><strong>publicis</strong></span> <span class='ocrx_word' id='word_1_168' title='bbox 359 2228 510 2290; x_wconf 83' lang='lat' dir='ltr'><strong>omnibus</strong></span> <span class='ocrx_word' id='word_1_169' title='bbox 534 2211 765 2289; x_wconf 65' lang='lat' dir='ltr'><strong>initmmantis</strong></span> <span class='ocrx_word' id='word_1_170' title='bbox 783 2239 816 2288; x_wconf 87' lang='lat' dir='ltr'><strong>et</strong></span> <span class='ocrx_word' id='word_1_171' title='bbox 838 2224 943 2306; x_wconf 85' lang='lat' dir='ltr'><strong>diplo-</strong></span> <span class='ocrx_word' id='word_1_172' title='bbox 999 2219 1072 2286; x_wconf 76' lang='lat' dir='ltr'><strong>reia</strong></span> <span class='ocrx_word' id='word_1_173' title='bbox 1104 2217 1219 2283; x_wconf 88' lang='lat' dir='ltr'><strong>TPIC.</strong></span> <span class='ocrx_word' id='word_1_174' title='bbox 1243 2222 1285 2284; x_wconf 88' lang='lat' dir='ltr'><strong>K.</strong></span> <span class='ocrx_word' id='word_1_175' title='bbox 1310 2218 1350 2286; x_wconf 90' lang='grc' dir='ltr'><strong>Δ.</strong></span> <span class='ocrx_word' id='word_1_176' title='bbox 1382 2221 1416 2282; x_wconf 88' lang='lat' dir='ltr'><strong>id</strong></span> <span class='ocrx_word' id='word_1_177' title='bbox 1444 2234 1509 2285; x_wconf 85' lang='lat' dir='ltr'><strong>est:</strong></span> <span class='ocrx_word' id='word_1_178' title='bbox 1541 2222 1658 2288; x_wconf 85' lang='lat' dir='ltr'><strong>TPIC.</strong></span> <span class='ocrx_word' id='word_1_179' title='bbox 1681 2225 1747 2287; x_wconf 73' lang='lat' dir='ltr'><strong>Kar</strong></span> 
     </span>
     <span class='ocr_line' id='line_1_18' title="bbox 194 2317 1746 2410; baseline 0.001 -21"><span class='ocrx_word' id='word_1_180' title='bbox 194 2327 367 2404; x_wconf 70' lang='lat' dir='ltr'><strong>motibus.</strong></span> <span class='ocrx_word' id='word_1_181' title='bbox 385 2331 443 2408; x_wconf 83' lang='lat' dir='ltr'><strong>qui</strong></span> <span class='ocrx_word' id='word_1_182' title='bbox 466 2329 512 2391; x_wconf 78' lang='lat' dir='ltr'><strong>ad</strong></span> <span class='ocrx_word' id='word_1_183' title='bbox 534 2339 691 2390; x_wconf 68' lang='lat' dir='ltr'><strong>annones</strong></span> <span class='ocrx_word' id='word_1_184' title='bbox 708 2347 834 2390; x_wconf 82' lang='lat' dir='ltr'><strong>menses</strong></span> <span class='ocrx_word' id='word_1_185' title='bbox 854 2328 942 2407; x_wconf 70' lang='lat' dir='ltr'><strong>regis</strong></span> <span class='ocrx_word' id='word_1_186' title='bbox 974 2318 1135 2396; x_wconf 78' lang='lat' dir='ltr'><strong>&#39;Antara.</strong></span> <span class='ocrx_word' id='word_1_187' title='bbox 1164 2323 1239 2388; x_wconf 79' lang='lat' dir='ltr'><strong>reia</strong></span> <span class='ocrx_word' id='word_1_188' title='bbox 1274 2317 1444 2386; x_wconf 78' lang='lat' dir='ltr'><strong>GNNGA.</strong></span> <span class='ocrx_word' id='word_1_189' title='bbox 1473 2322 1516 2389; x_wconf 81' lang='lat' dir='ltr'><strong>K.</strong></span> <span class='ocrx_word' id='word_1_190' title='bbox 1545 2321 1586 2410; x_wconf 69' lang='lat' dir='ltr'><strong>A.</strong></span> <span class='ocrx_word' id='word_1_191' title='bbox 1613 2323 1648 2386; x_wconf 71' lang='lat' dir='ltr'><strong>itt</strong></span> <span class='ocrx_word' id='word_1_192' title='bbox 1679 2340 1746 2390; x_wconf 89' lang='lat' dir='ltr'><strong>est:</strong></span> 
     </span>
     <span class='ocr_line' id='line_1_19' title="bbox 193 2419 1745 2513; baseline 0 -23"><span class='ocrx_word' id='word_1_193' title='bbox 193 2431 366 2511; x_wconf 81' lang='lat' dir='ltr'><strong>regnantia</strong></span> <span class='ocrx_word' id='word_1_194' title='bbox 374 2430 664 2513; x_wconf 80' lang='lat' dir='ltr'><strong>componebantur,</strong></span> <span class='ocrx_word' id='word_1_195' title='bbox 676 2429 757 2491; x_wconf 79' lang='lat' dir='ltr'><strong>adeo</strong></span> <span class='ocrx_word' id='word_1_196' title='bbox 769 2439 818 2504; x_wconf 85' lang='lat' dir='ltr'><strong>ut,</strong></span> <span class='ocrx_word' id='word_1_197' title='bbox 831 2446 944 2508; x_wconf 77' lang='lat' dir='ltr'><strong>quaen·</strong></span> <span class='ocrx_word' id='word_1_198' title='bbox 1001 2419 1173 2488; x_wconf 79' lang='lat' dir='ltr'><strong>ettttett.</strong></span> <span class='ocrx_word' id='word_1_199' title='bbox 1192 2423 1264 2484; x_wconf 76' lang='lat' dir='ltr'><strong>Kar.</strong></span> <span class='ocrx_word' id='word_1_200' title='bbox 1282 2420 1412 2485; x_wconf 78' lang='lat' dir='ltr'><strong>Araura.</strong></span> <span class='ocrx_word' id='word_1_201' title='bbox 1444 2423 1628 2509; x_wconf 86' lang='lat' dir='ltr'><strong>Singularis</strong></span> <span class='ocrx_word' id='word_1_202' title='bbox 1653 2439 1745 2490; x_wconf 85' lang='lat' dir='ltr'><strong>snut:</strong></span> 
     </span>
     <span class='ocr_line' id='line_1_20' title="bbox 193 2520 1745 2612; baseline 0.001 -20"><span class='ocrx_word' id='word_1_203' title='bbox 193 2531 325 2592; x_wconf 82' lang='lat' dir='ltr'><strong>vianne</strong></span> <span class='ocrx_word' id='word_1_204' title='bbox 344 2543 477 2595; x_wconf 85' lang='lat' dir='ltr'><strong>tantum</strong></span> <span class='ocrx_word' id='word_1_205' title='bbox 493 2551 624 2608; x_wconf 64' lang='lat' dir='ltr'><strong>nense.</strong></span> <span class='ocrx_word' id='word_1_206' title='bbox 641 2549 708 2594; x_wconf 85' lang='lat' dir='ltr'><strong>una</strong></span> <span class='ocrx_word' id='word_1_207' title='bbox 726 2529 947 2604; x_wconf 74' lang='lat' dir='ltr'><strong>hebdomada,</strong></span> <span class='ocrx_word' id='word_1_208' title='bbox 1001 2520 1118 2588; x_wconf 79' lang='lat' dir='ltr'><strong>Tetc.</strong></span> <span class='ocrx_word' id='word_1_209' title='bbox 1144 2523 1238 2590; x_wconf 81' lang='grc' dir='ltr'><strong>ΚΑΙ.</strong></span> <span class='ocrx_word' id='word_1_210' title='bbox 1270 2537 1412 2602; x_wconf 87' lang='lat' dir='ltr'><strong>tantum,</strong></span> <span class='ocrx_word' id='word_1_211' title='bbox 1444 2545 1621 2610; x_wconf 87' lang='lat' dir='ltr'><strong>suppresso</strong></span> <span class='ocrx_word' id='word_1_212' title='bbox 1648 2529 1745 2612; x_wconf 87' lang='lat' dir='ltr'><strong>piane</strong></span> 
     </span>
     <span class='ocr_line' id='line_1_21' title="bbox 191 2622 1747 2711; baseline 0 -18"><span class='ocrx_word' id='word_1_213' title='bbox 191 2631 246 2694; x_wconf 81' lang='lat' dir='ltr'><strong>vel</strong></span> <span class='ocrx_word' id='word_1_214' title='bbox 260 2652 325 2694; x_wconf 86' lang='lat' dir='ltr'><strong>uno</strong></span> <span class='ocrx_word' id='word_1_215' title='bbox 346 2635 401 2694; x_wconf 82' lang='lat' dir='ltr'><strong>dis</strong></span> <span class='ocrx_word' id='word_1_216' title='bbox 420 2645 499 2694; x_wconf 81' lang='lat' dir='ltr'><strong>ante</strong></span> <span class='ocrx_word' id='word_1_217' title='bbox 515 2631 623 2696; x_wconf 72' lang='lat' dir='ltr'><strong>Nicon</strong></span> <span class='ocrx_word' id='word_1_218' title='bbox 638 2633 675 2692; x_wconf 87' lang='lat' dir='ltr'><strong>in</strong></span> <span class='ocrx_word' id='word_1_219' title='bbox 691 2649 801 2711; x_wconf 81' lang='lat' dir='ltr'><strong>regem</strong></span> <span class='ocrx_word' id='word_1_220' title='bbox 817 2627 942 2692; x_wconf 82' lang='lat' dir='ltr'><strong>clectus</strong></span> <span class='ocrx_word' id='word_1_221' title='bbox 1000 2622 1118 2687; x_wconf 72' lang='lat' dir='ltr'><strong>nam</strong></span> <span class='ocrx_word' id='word_1_222' title='bbox 1142 2627 1178 2687; x_wconf 88' lang='lat' dir='ltr'><strong>in</strong></span> <span class='ocrx_word' id='word_1_223' title='bbox 1202 2626 1309 2688; x_wconf 89' lang='lat' dir='ltr'><strong>nomis</strong></span> <span class='ocrx_word' id='word_1_224' title='bbox 1336 2625 1512 2705; x_wconf 82' lang='lat' dir='ltr'><strong>Hadriani,</strong></span> <span class='ocrx_word' id='word_1_225' title='bbox 1542 2641 1576 2692; x_wconf 92' lang='lat' dir='ltr'><strong>et</strong></span> <span class='ocrx_word' id='word_1_226' title='bbox 1599 2629 1633 2690; x_wconf 90' lang='lat' dir='ltr'><strong>in</strong></span> <span class='ocrx_word' id='word_1_227' title='bbox 1661 2629 1747 2694; x_wconf 88' lang='lat' dir='ltr'><strong>binis</strong></span> 
     </span>
     <span class='ocr_line' id='line_1_22' title="bbox 190 2728 1745 2817; baseline 0.003 -27"><span class='ocrx_word' id='word_1_228' title='bbox 190 2743 224 2794; x_wconf 83' lang='lat' dir='ltr'><strong>et</strong></span> <span class='ocrx_word' id='word_1_229' title='bbox 240 2729 594 2817; x_wconf 70' lang='lat' dir='ltr'><strong>confirmatussuerit,</strong></span> <span class='ocrx_word' id='word_1_230' title='bbox 625 2733 696 2792; x_wconf 83' lang='lat' dir='ltr'><strong>dias</strong></span> <span class='ocrx_word' id='word_1_231' title='bbox 719 2729 941 2807; x_wconf 79' lang='lat' dir='ltr'><strong>illc,.hebdo·</strong></span> <span class='ocrx_word' id='word_1_232' title='bbox 997 2728 1117 2791; x_wconf 85' lang='lat' dir='ltr'><strong>eodem</strong></span> <span class='ocrx_word' id='word_1_233' title='bbox 1149 2741 1299 2811; x_wconf 86' lang='lat' dir='ltr'><strong>ternpore</strong></span> <span class='ocrx_word' id='word_1_234' title='bbox 1329 2728 1436 2807; x_wconf 87' lang='lat' dir='ltr'><strong>cusis,</strong></span> <span class='ocrx_word' id='word_1_235' title='bbox 1473 2749 1540 2792; x_wconf 90' lang='lat' dir='ltr'><strong>ono</strong></span> <span class='ocrx_word' id='word_1_236' title='bbox 1570 2730 1745 2812; x_wconf 80' lang='lat' dir='ltr'><strong>Antonini,</strong></span> 
     </span>
     <span class='ocr_line' id='line_1_23' title="bbox 191 2829 1746 2917; baseline 0.002 -23"><span class='ocrx_word' id='word_1_237' title='bbox 191 2851 286 2910; x_wconf 72' lang='lat' dir='ltr'><strong>mos,</strong></span> <span class='ocrx_word' id='word_1_238' title='bbox 302 2832 357 2896; x_wconf 82' lang='lat' dir='ltr'><strong>uel</strong></span> <span class='ocrx_word' id='word_1_239' title='bbox 372 2839 494 2898; x_wconf 82' lang='lat' dir='ltr'><strong>mensis</strong></span> <span class='ocrx_word' id='word_1_240' title='bbox 509 2855 572 2917; x_wconf 84' lang='lat' dir='ltr'><strong>pro</strong></span> <span class='ocrx_word' id='word_1_241' title='bbox 594 2833 725 2914; x_wconf 84' lang='lat' dir='ltr'><strong>integro</strong></span> <span class='ocrx_word' id='word_1_242' title='bbox 743 2851 830 2894; x_wconf 85' lang='lat' dir='ltr'><strong>anno</strong></span> <span class='ocrx_word' id='word_1_243' title='bbox 847 2852 941 2913; x_wconf 82' lang='lat' dir='ltr'><strong>repu-</strong></span> <span class='ocrx_word' id='word_1_244' title='bbox 997 2831 1103 2893; x_wconf 84' lang='lat' dir='ltr'><strong>altero</strong></span> <span class='ocrx_word' id='word_1_245' title='bbox 1133 2829 1306 2895; x_wconf 80' lang='lat' dir='ltr'><strong>Faustinae</strong></span> <span class='ocrx_word' id='word_1_246' title='bbox 1333 2831 1400 2914; x_wconf 89' lang='lat' dir='ltr'><strong>jon.</strong></span> <span class='ocrx_word' id='word_1_247' title='bbox 1440 2833 1540 2914; x_wconf 83' lang='lat' dir='ltr'><strong>(Mus.</strong></span> <span class='ocrx_word' id='word_1_248' title='bbox 1563 2833 1672 2917; x_wconf 83' lang='lat' dir='ltr'><strong>Caes.)</strong></span> <span class='ocrx_word' id='word_1_249' title='bbox 1706 2837 1746 2896; x_wconf 90' lang='lat' dir='ltr'><strong>Io</strong></span> 
     </span>
     <span class='ocr_line' id='line_1_24' title="bbox 190 2929 1743 3016; baseline 0.005 -23"><span class='ocrx_word' id='word_1_250' title='bbox 190 2933 257 2994; x_wconf 80' lang='lat' dir='ltr'><strong>tati</strong></span> <span class='ocrx_word' id='word_1_251' title='bbox 267 2932 432 3014; x_wconf 71' lang='lat' dir='ltr'><strong>suerint,</strong></span> <span class='ocrx_word' id='word_1_252' title='bbox 450 2945 483 2996; x_wconf 84' lang='lat' dir='ltr'><strong>et</strong></span> <span class='ocrx_word' id='word_1_253' title='bbox 502 2935 680 2996; x_wconf 82' lang='lat' dir='ltr'><strong>secundum</strong></span> <span class='ocrx_word' id='word_1_254' title='bbox 700 2935 796 3016; x_wconf 76' lang='lat' dir='ltr'><strong>regni</strong></span> <span class='ocrx_word' id='word_1_255' title='bbox 812 2935 868 2995; x_wconf 84' lang='lat' dir='ltr'><strong>sui</strong></span> <span class='ocrx_word' id='word_1_256' title='bbox 880 2952 939 2993; x_wconf 86' lang='lat' dir='ltr'><strong>an·</strong></span> <span class='ocrx_word' id='word_1_257' title='bbox 997 2931 1261 2994; x_wconf 86' lang='lat' dir='ltr'><strong>numoSahinae:</strong></span> <span class='ocrx_word' id='word_1_258' title='bbox 1282 2929 1485 2995; x_wconf 78' lang='grc' dir='ltr'><strong>ΕΝΝΕΑΚ.</strong></span> <span class='ocrx_word' id='word_1_259' title='bbox 1499 2954 1560 3016; x_wconf 82' lang='lat' dir='ltr'><strong>pro</strong></span> <span class='ocrx_word' id='word_1_260' title='bbox 1571 2931 1743 3000; x_wconf 79' lang='lat' dir='ltr'><strong>GNNGA.</strong></span> 
     </span>
     <span class='ocr_line' id='line_1_25' title="bbox 189 3029 1743 3118; baseline 0.003 -24"><span class='ocrx_word' id='word_1_261' title='bbox 189 3051 268 3096; x_wconf 84' lang='lat' dir='ltr'><strong>nam</strong></span> <span class='ocrx_word' id='word_1_262' title='bbox 283 3030 393 3097; x_wconf 75' lang='lat' dir='ltr'><strong>Nicon</strong></span> <span class='ocrx_word' id='word_1_263' title='bbox 410 3033 470 3095; x_wconf 80' lang='lat' dir='ltr'><strong>ills</strong></span> <span class='ocrx_word' id='word_1_264' title='bbox 487 3035 593 3095; x_wconf 84' lang='lat' dir='ltr'><strong>denno</strong></span> <span class='ocrx_word' id='word_1_265' title='bbox 611 3033 835 3096; x_wconf 75' lang='lat' dir='ltr'><strong>inchoaverit.</strong></span> <span class='ocrx_word' id='word_1_266' title='bbox 993 3031 1088 3098; x_wconf 85' lang='grc' dir='ltr'><strong>ΚΑΙ.</strong></span> <span class='ocrx_word' id='word_1_267' title='bbox 1125 3029 1354 3096; x_wconf 73' lang='lat' dir='ltr'><strong>uenator.</strong></span> <span class='ocrx_word' id='word_1_268' title='bbox 1391 3033 1545 3118; x_wconf 69' lang='lat' dir='ltr'><strong>(zoega.)</strong></span> <span class='ocrx_word' id='word_1_269' title='bbox 1596 3037 1743 3100; x_wconf 87' lang='lat' dir='ltr'><strong>Numero</strong></span> 
     </span>
     <span class='ocr_line' id='line_1_26' title="bbox 249 3130 1744 3222; baseline 0.004 -28"><span class='ocrx_word' id='word_1_270' title='bbox 249 3131 391 3217; x_wconf 76' lang='lat' dir='ltr'><strong>Augusti</strong></span> <span class='ocrx_word' id='word_1_271' title='bbox 409 3131 451 3196; x_wconf 83' lang='lat' dir='ltr'><strong>ad</strong></span> <span class='ocrx_word' id='word_1_272' title='bbox 468 3130 642 3218; x_wconf 88' lang='lat' dir='ltr'><strong>imperium</strong></span> <span class='ocrx_word' id='word_1_273' title='bbox 662 3132 773 3196; x_wconf 87' lang='lat' dir='ltr'><strong>erecti</strong></span> <span class='ocrx_word' id='word_1_274' title='bbox 790 3132 832 3196; x_wconf 89' lang='lat' dir='ltr'><strong>ab</strong></span> <span class='ocrx_word' id='word_1_275' title='bbox 850 3153 937 3197; x_wconf 87' lang='lat' dir='ltr'><strong>anno</strong></span> <span class='ocrx_word' id='word_1_276' title='bbox 993 3131 1131 3215; x_wconf 82' lang='lat' dir='ltr'><strong>praefigi</strong></span> <span class='ocrx_word' id='word_1_277' title='bbox 1153 3133 1238 3195; x_wconf 88' lang='lat' dir='ltr'><strong>solet</strong></span> <span class='ocrx_word' id='word_1_278' title='bbox 1255 3131 1352 3194; x_wconf 87' lang='lat' dir='ltr'><strong>litera</strong></span> <span class='ocrx_word' id='word_1_279' title='bbox 1367 3133 1416 3210; x_wconf 88' lang='lat' dir='ltr'><strong>L,</strong></span> <span class='ocrx_word' id='word_1_280' title='bbox 1443 3154 1562 3219; x_wconf 86' lang='lat' dir='ltr'><strong>nempe</strong></span> <span class='ocrx_word' id='word_1_281' title='bbox 1582 3135 1744 3222; x_wconf 69' lang='grc' dir='ltr'><strong>ἅρχαιισα</strong></span> 
     </span>
     <span class='ocr_line' id='line_1_27' title="bbox 185 3231 1741 3324; baseline 0.006 -30"><span class='ocrx_word' id='word_1_282' title='bbox 185 3233 234 3306; x_wconf 83' lang='grc' dir='ltr'><strong>Δ,</strong></span> <span class='ocrx_word' id='word_1_283' title='bbox 258 3233 293 3297; x_wconf 80' lang='lat' dir='ltr'><strong>id</strong></span> <span class='ocrx_word' id='word_1_284' title='bbox 310 3247 360 3299; x_wconf 89' lang='lat' dir='ltr'><strong>ast</strong></span> <span class='ocrx_word' id='word_1_285' title='bbox 376 3233 504 3320; x_wconf 87' lang='lat' dir='ltr'><strong>primo,</strong></span> <span class='ocrx_word' id='word_1_286' title='bbox 529 3247 566 3297; x_wconf 88' lang='lat' dir='ltr'><strong>ot</strong></span> <span class='ocrx_word' id='word_1_287' title='bbox 584 3241 854 3313; x_wconf 78' lang='lat' dir='ltr'><strong>consentaneum,</strong></span> <span class='ocrx_word' id='word_1_288' title='bbox 878 3233 937 3296; x_wconf 85' lang='lat' dir='ltr'><strong>ini·</strong></span> <span class='ocrx_word' id='word_1_289' title='bbox 994 3232 1146 3298; x_wconf 84' lang='lat' dir='ltr'><strong>vocabuli</strong></span> <span class='ocrx_word' id='word_1_290' title='bbox 1160 3237 1351 3308; x_wconf 77' lang='grc' dir='ltr'><strong>λυκαβιιντος,</strong></span> <span class='ocrx_word' id='word_1_291' title='bbox 1371 3231 1413 3295; x_wconf 86' lang='lat' dir='ltr'><strong>de</strong></span> <span class='ocrx_word' id='word_1_292' title='bbox 1427 3234 1518 3316; x_wconf 86' lang='lat' dir='ltr'><strong>cnjus</strong></span> <span class='ocrx_word' id='word_1_293' title='bbox 1534 3251 1648 3301; x_wconf 85' lang='lat' dir='ltr'><strong>natura</strong></span> <span class='ocrx_word' id='word_1_294' title='bbox 1665 3259 1741 3324; x_wconf 89' lang='lat' dir='ltr'><strong>age·</strong></span> 
     </span>
     <span class='ocr_line' id='line_1_28' title="bbox 185 3333 1741 3424; baseline 0.005 -26"><span class='ocrx_word' id='word_1_295' title='bbox 185 3333 266 3398; x_wconf 92' lang='lat' dir='ltr'><strong>tium</strong></span> <span class='ocrx_word' id='word_1_296' title='bbox 289 3334 428 3404; x_wconf 70' lang='lat' dir='ltr'><strong>duxere.</strong></span> <span class='ocrx_word' id='word_1_297' title='bbox 466 3337 580 3399; x_wconf 85' lang='lat' dir='ltr'><strong>Fuere</strong></span> <span class='ocrx_word' id='word_1_298' title='bbox 601 3347 731 3412; x_wconf 84' lang='lat' dir='ltr'><strong>tamen,</strong></span> <span class='ocrx_word' id='word_1_299' title='bbox 759 3335 815 3419; x_wconf 82' lang='lat' dir='ltr'><strong>qui</strong></span> <span class='ocrx_word' id='word_1_300' title='bbox 835 3335 936 3419; x_wconf 87' lang='lat' dir='ltr'><strong>patris</strong></span> <span class='ocrx_word' id='word_1_301' title='bbox 992 3354 1065 3397; x_wconf 86' lang='lat' dir='ltr'><strong>mus</strong></span> <span class='ocrx_word' id='word_1_302' title='bbox 1092 3334 1125 3394; x_wconf 93' lang='lat' dir='ltr'><strong>in</strong></span> <span class='ocrx_word' id='word_1_303' title='bbox 1154 3346 1293 3398; x_wconf 84' lang='lat' dir='ltr'><strong>tractata</strong></span> <span class='ocrx_word' id='word_1_304' title='bbox 1316 3333 1357 3396; x_wconf 91' lang='lat' dir='ltr'><strong>de</strong></span> <span class='ocrx_word' id='word_1_305' title='bbox 1380 3335 1526 3418; x_wconf 86' lang='lat' dir='ltr'><strong>epochis.</strong></span> <span class='ocrx_word' id='word_1_306' title='bbox 1566 3337 1741 3424; x_wconf 74' lang='lat' dir='ltr'><strong>singulare</strong></span> 
     </span>
     <span class='ocr_line' id='line_1_29' title="bbox 185 3434 1742 3536; baseline 0.003 -34"><span class='ocrx_word' id='word_1_307' title='bbox 185 3457 292 3502; x_wconf 86' lang='lat' dir='ltr'><strong>annos</strong></span> <span class='ocrx_word' id='word_1_308' title='bbox 318 3440 556 3504; x_wconf 82' lang='lat' dir='ltr'><strong>continuarent.</strong></span> <span class='ocrx_word' id='word_1_309' title='bbox 595 3435 650 3498; x_wconf 87' lang='lat' dir='ltr'><strong>Sic</strong></span> <span class='ocrx_word' id='word_1_310' title='bbox 679 3455 782 3498; x_wconf 81' lang='lat' dir='ltr'><strong>annus</strong></span> <span class='ocrx_word' id='word_1_311' title='bbox 812 3436 845 3498; x_wconf 88' lang='lat' dir='ltr'>K</span> <span class='ocrx_word' id='word_1_312' title='bbox 873 3434 936 3499; x_wconf 81' lang='lat' dir='ltr'><strong>tuit</strong></span> <span class='ocrx_word' id='word_1_313' title='bbox 991 3449 1043 3500; x_wconf 88' lang='lat' dir='ltr'><strong>est</strong></span> <span class='ocrx_word' id='word_1_314' title='bbox 1065 3436 1099 3498; x_wconf 91' lang='lat' dir='ltr'><strong>in</strong></span> <span class='ocrx_word' id='word_1_315' title='bbox 1120 3457 1219 3498; x_wconf 91' lang='lat' dir='ltr'><strong>nomo</strong></span> <span class='ocrx_word' id='word_1_316' title='bbox 1243 3435 1434 3518; x_wconf 75' lang='lat' dir='ltr'><strong>Vespasiani</strong></span> <span class='ocrx_word' id='word_1_317' title='bbox 1456 3441 1612 3522; x_wconf 90' lang='lat' dir='ltr'><strong>scriptum</strong></span> <span class='ocrx_word' id='word_1_318' title='bbox 1642 3443 1742 3536; x_wconf 85' lang='lat' dir='ltr'><strong>plene</strong></span> 
     </span>
     <span class='ocr_line' id='line_1_30' title="bbox 184 3532 1742 3625; baseline 0.002 -23"><span class='ocrx_word' id='word_1_319' title='bbox 184 3540 231 3606; x_wconf 78' lang='grc' dir='ltr'><strong>Μ.</strong></span> <span class='ocrx_word' id='word_1_320' title='bbox 246 3538 374 3603; x_wconf 84' lang='lat' dir='ltr'><strong>Aurelii</strong></span> <span class='ocrx_word' id='word_1_321' title='bbox 392 3556 595 3625; x_wconf 86' lang='lat' dir='ltr'><strong>postremus,</strong></span> <span class='ocrx_word' id='word_1_322' title='bbox 616 3536 790 3601; x_wconf 81' lang='lat' dir='ltr'><strong>Commodi</strong></span> <span class='ocrx_word' id='word_1_323' title='bbox 808 3537 848 3602; x_wconf 75' lang='lat' dir='ltr'><strong>tt.</strong></span> <span class='ocrx_word' id='word_1_324' title='bbox 868 3537 934 3621; x_wconf 87' lang='lat' dir='ltr'><strong>pri·</strong></span> <span class='ocrx_word' id='word_1_325' title='bbox 988 3532 1331 3612; x_wconf 67' lang='lat' dir='ltr'><strong>A&#39;tKABANTOE.</strong></span> <span class='ocrx_word' id='word_1_326' title='bbox 1355 3535 1588 3607; x_wconf 84' lang='grc' dir='ltr'><strong>ΔΕΚΑΤΟΤ.</strong></span> <span class='ocrx_word' id='word_1_327' title='bbox 1619 3544 1742 3608; x_wconf 87' lang='lat' dir='ltr'><strong>Nonni-</strong></span> 
     </span>
     <span class='ocr_line' id='line_1_31' title="bbox 183 3637 1741 3728; baseline 0.005 -26"><span class='ocrx_word' id='word_1_328' title='bbox 183 3661 274 3718; x_wconf 89' lang='lat' dir='ltr'><strong>mns,</strong></span> <span class='ocrx_word' id='word_1_329' title='bbox 304 3655 339 3706; x_wconf 86' lang='lat' dir='ltr'><strong>at</strong></span> <span class='ocrx_word' id='word_1_330' title='bbox 360 3641 448 3728; x_wconf 81' lang='lat' dir='ltr'><strong>quod</strong></span> <span class='ocrx_word' id='word_1_331' title='bbox 470 3641 635 3726; x_wconf 84' lang='lat' dir='ltr'><strong>sequitur,</strong></span> <span class='ocrx_word' id='word_1_332' title='bbox 663 3639 742 3704; x_wconf 83' lang='grc' dir='ltr'><strong>ΚΑ.</strong></span> <span class='ocrx_word' id='word_1_333' title='bbox 764 3637 861 3722; x_wconf 85' lang='lat' dir='ltr'><strong>hujus</strong></span> <span class='ocrx_word' id='word_1_334' title='bbox 882 3658 934 3702; x_wconf 89' lang='lat' dir='ltr'><strong>se·</strong></span> <span class='ocrx_word' id='word_1_335' title='bbox 991 3640 1018 3701; x_wconf 93' lang='lat' dir='ltr'><strong>si</strong></span> <span class='ocrx_word' id='word_1_336' title='bbox 1035 3639 1095 3702; x_wconf 89' lang='lat' dir='ltr'><strong>sub</strong></span> <span class='ocrx_word' id='word_1_337' title='bbox 1109 3639 1297 3702; x_wconf 89' lang='lat' dir='ltr'><strong>Domitiano</strong></span> <span class='ocrx_word' id='word_1_338' title='bbox 1310 3639 1447 3723; x_wconf 83' lang='lat' dir='ltr'><strong>praefigi</strong></span> <span class='ocrx_word' id='word_1_339' title='bbox 1461 3643 1649 3724; x_wconf 87' lang='lat' dir='ltr'><strong>promiscua</strong></span> <span class='ocrx_word' id='word_1_340' title='bbox 1666 3667 1741 3710; x_wconf 91' lang='lat' dir='ltr'><strong>coe·</strong></span> 
     </span>
     <span class='ocr_line' id='line_1_32' title="bbox 184 3736 1741 3825; baseline 0.004 -19"><span class='ocrx_word' id='word_1_341' title='bbox 184 3741 321 3810; x_wconf 85' lang='lat' dir='ltr'><strong>condus.</strong></span> <span class='ocrx_word' id='word_1_342' title='bbox 356 3746 507 3809; x_wconf 85' lang='lat' dir='ltr'><strong>Alterum</strong></span> <span class='ocrx_word' id='word_1_343' title='bbox 532 3741 720 3825; x_wconf 85' lang='lat' dir='ltr'><strong>exemplum</strong></span> <span class='ocrx_word' id='word_1_344' title='bbox 742 3753 794 3804; x_wconf 85' lang='lat' dir='ltr'><strong>est</strong></span> <span class='ocrx_word' id='word_1_345' title='bbox 817 3742 852 3803; x_wconf 91' lang='lat' dir='ltr'><strong>in</strong></span> <span class='ocrx_word' id='word_1_346' title='bbox 875 3753 935 3803; x_wconf 87' lang='lat' dir='ltr'><strong>rtu-</strong></span> <span class='ocrx_word' id='word_1_347' title='bbox 990 3741 1037 3824; x_wconf 92' lang='lat' dir='ltr'><strong>pit</strong></span> <span class='ocrx_word' id='word_1_348' title='bbox 1054 3741 1108 3804; x_wconf 80' lang='lat' dir='ltr'><strong>rel</strong></span> <span class='ocrx_word' id='word_1_349' title='bbox 1126 3743 1165 3804; x_wconf 75' lang='lat'><strong>1..</strong></span> <span class='ocrx_word' id='word_1_350' title='bbox 1186 3741 1240 3806; x_wconf 85' lang='lat' dir='ltr'><strong>vel</strong></span> <span class='ocrx_word' id='word_1_351' title='bbox 1259 3736 1429 3804; x_wconf 83' lang='grc' dir='ltr'><strong>ΕΤΟΤΣ.</strong></span> <span class='ocrx_word' id='word_1_352' title='bbox 1462 3743 1553 3808; x_wconf 85' lang='lat' dir='ltr'><strong>Idem</strong></span> <span class='ocrx_word' id='word_1_353' title='bbox 1580 3749 1655 3809; x_wconf 89' lang='lat' dir='ltr'><strong>anui</strong></span> <span class='ocrx_word' id='word_1_354' title='bbox 1683 3770 1741 3812; x_wconf 90' lang='lat' dir='ltr'><strong>no-</strong></span> 
     </span>
     <span class='ocr_line' id='line_1_33' title="bbox 184 3841 1739 3927; baseline 0.004 -21"><span class='ocrx_word' id='word_1_355' title='bbox 184 3845 246 3906; x_wconf 89' lang='lat' dir='ltr'><strong>mia</strong></span> <span class='ocrx_word' id='word_1_356' title='bbox 276 3845 481 3924; x_wconf 76' lang='lat' dir='ltr'><strong>caracallae,</strong></span> <span class='ocrx_word' id='word_1_357' title='bbox 517 3843 711 3908; x_wconf 85' lang='lat' dir='ltr'><strong>continuatis</strong></span> <span class='ocrx_word' id='word_1_358' title='bbox 743 3843 844 3927; x_wconf 87' lang='lat' dir='ltr'><strong>patris</strong></span> <span class='ocrx_word' id='word_1_359' title='bbox 874 3843 933 3907; x_wconf 83' lang='lat' dir='ltr'><strong>Se·</strong></span> <span class='ocrx_word' id='word_1_360' title='bbox 989 3841 1080 3906; x_wconf 81' lang='lat' dir='ltr'><strong>tantli</strong></span> <span class='ocrx_word' id='word_1_361' title='bbox 1110 3841 1226 3907; x_wconf 86' lang='lat' dir='ltr'><strong>modus</strong></span> <span class='ocrx_word' id='word_1_362' title='bbox 1256 3843 1448 3908; x_wconf 81' lang='lat' dir='ltr'><strong>observatus</strong></span> <span class='ocrx_word' id='word_1_363' title='bbox 1486 3860 1540 3909; x_wconf 86' lang='lat' dir='ltr'><strong>est·</strong></span> <span class='ocrx_word' id='word_1_364' title='bbox 1571 3849 1668 3912; x_wconf 86' lang='lat' dir='ltr'><strong>etiarn</strong></span> <span class='ocrx_word' id='word_1_365' title='bbox 1708 3851 1739 3912; x_wconf 91' lang='lat' dir='ltr'><strong>in</strong></span> 
     </span>
     <span class='ocr_line' id='line_1_34' title="bbox 184 3943 1741 4030; baseline 0.003 -22"><span class='ocrx_word' id='word_1_366' title='bbox 184 3945 255 4009; x_wconf 81' lang='lat' dir='ltr'><strong>veri</strong></span> <span class='ocrx_word' id='word_1_367' title='bbox 271 3947 375 4022; x_wconf 79' lang='lat' dir='ltr'><strong>aunis.</strong></span> <span class='ocrx_word' id='word_1_368' title='bbox 402 3946 489 4018; x_wconf 68' lang='lat' dir='ltr'><strong>Vide</strong></span> <span class='ocrx_word' id='word_1_369' title='bbox 507 3949 677 4030; x_wconf 84' lang='lat' dir='ltr'><strong>utriusque</strong></span> <span class='ocrx_word' id='word_1_370' title='bbox 694 3965 822 4010; x_wconf 84' lang='lat' dir='ltr'><strong>numos.</strong></span> <span class='ocrx_word' id='word_1_371' title='bbox 854 3943 934 4008; x_wconf 84' lang='lat' dir='ltr'><strong>Cae·</strong></span> <span class='ocrx_word' id='word_1_372' title='bbox 990 3943 1217 4008; x_wconf 85' lang='lat' dir='ltr'><strong>marmoribus.</strong></span> <span class='ocrx_word' id='word_1_373' title='bbox 1247 3945 1302 4008; x_wconf 86' lang='lat' dir='ltr'><strong>Sia</strong></span> <span class='ocrx_word' id='word_1_374' title='bbox 1319 3943 1741 4016; x_wconf 73' lang='lat' dir='ltr'><strong>eetesnanemnonisvo-</strong></span> 
     </span>
     <span class='ocr_line' id='line_1_35' title="bbox 183 4033 1740 4131; baseline 0.002 -22"><span class='ocrx_word' id='word_1_375' title='bbox 183 4047 311 4111; x_wconf 85' lang='lat' dir='ltr'><strong>saribos</strong></span> <span class='ocrx_word' id='word_1_376' title='bbox 334 4047 401 4112; x_wconf 86' lang='lat' dir='ltr'><strong>dati</strong></span> <span class='ocrx_word' id='word_1_377' title='bbox 425 4049 594 4122; x_wconf 77' lang='lat' dir='ltr'><strong>suntanni</strong></span> <span class='ocrx_word' id='word_1_378' title='bbox 611 4047 832 4130; x_wconf 84' lang='lat' dir='ltr'><strong>Augustorum</strong></span> <span class='ocrx_word' id='word_1_379' title='bbox 859 4066 933 4110; x_wconf 62' lang='lat' dir='ltr'><strong>soon</strong></span> <span class='ocrx_word' id='word_1_380' title='bbox 990 4067 1061 4111; x_wconf 90' lang='lat' dir='ltr'><strong>cern</strong></span> <span class='ocrx_word' id='word_1_381' title='bbox 1075 4066 1111 4110; x_wconf 89' lang='lat' dir='ltr'><strong>se</strong></span> <span class='ocrx_word' id='word_1_382' title='bbox 1125 4045 1291 4112; x_wconf 83' lang='lat' dir='ltr'><strong>audivisse</strong></span> <span class='ocrx_word' id='word_1_383' title='bbox 1300 4044 1521 4131; x_wconf 73' lang='lat' dir='ltr'><strong>profintnrh.</strong></span> <span class='ocrx_word' id='word_1_384' title='bbox 1530 4033 1740 4114; x_wconf 57' lang='lat' dir='ltr'><strong>&#39;Z‘.AAP1A·</strong></span> 
     </span>
     <span class='ocr_line' id='line_1_36' title="bbox 183 4146 1737 4218; baseline 0.004 -6"><span class='ocrx_word' id='word_1_385' title='bbox 183 4169 266 4213; x_wconf 89' lang='lat' dir='ltr'><strong>rum.</strong></span> <span class='ocrx_word' id='word_1_386' title='bbox 298 4148 587 4216; x_wconf 67' lang='lat' dir='ltr'><strong>stamburnia</strong></span> <span class='ocrx_word' id='word_1_387' title='bbox 608 4148 729 4212; x_wconf 83' lang='lat' dir='ltr'><strong>Caesar</strong></span> <span class='ocrx_word' id='word_1_388' title='bbox 749 4146 934 4212; x_wconf 83' lang='lat' dir='ltr'><strong>babuitsu·</strong></span> <span class='ocrx_word' id='word_1_389' title='bbox 991 4147 1099 4211; x_wconf 77' lang='lat' dir='ltr'><strong>Not.</strong></span> <span class='ocrx_word' id='word_1_390' title='bbox 1134 4147 1377 4213; x_wconf 84' lang='lat' dir='ltr'><strong>KAICAPOC.</strong></span> <span class='ocrx_word' id='word_1_391' title='bbox 1412 4147 1517 4214; x_wconf 78' lang='lat' dir='ltr'><strong>Tor.</strong></span> <span class='ocrx_word' id='word_1_392' title='bbox 1552 4149 1737 4218; x_wconf 76' lang='lat' dir='ltr'><strong>KTPIO&#39;I&#39;.</strong></span> 
     </span>
     <span class='ocr_line' id='line_1_37' title="bbox 183 4250 1737 4336; baseline 0.001 -24"><span class='ocrx_word' id='word_1_393' title='bbox 183 4271 244 4315; x_wconf 91' lang='lat' dir='ltr'><strong>nos</strong></span> <span class='ocrx_word' id='word_1_394' title='bbox 259 4253 360 4336; x_wconf 87' lang='lat' dir='ltr'><strong>patris</strong></span> <span class='ocrx_word' id='word_1_395' title='bbox 375 4251 531 4314; x_wconf 88' lang='lat' dir='ltr'><strong>Antonini</strong></span> <span class='ocrx_word' id='word_1_396' title='bbox 544 4250 613 4326; x_wconf 86' lang='lat' dir='ltr'><strong>Pii,</strong></span> <span class='ocrx_word' id='word_1_397' title='bbox 634 4269 701 4334; x_wconf 77' lang='lat' dir='ltr'><strong>quo</strong></span> <span class='ocrx_word' id='word_1_398' title='bbox 711 4263 843 4313; x_wconf 87' lang='lat' dir='ltr'><strong>mortuo</strong></span> <span class='ocrx_word' id='word_1_399' title='bbox 858 4269 935 4314; x_wconf 88' lang='lat' dir='ltr'><strong>coe·</strong></span> <span class='ocrx_word' id='word_1_400' title='bbox 987 4271 1078 4330; x_wconf 76' lang='lat' dir='ltr'><strong>anno</strong></span> <span class='ocrx_word' id='word_1_401' title='bbox 1102 4251 1187 4312; x_wconf 78' lang='lat' dir='ltr'><strong>VII.</strong></span> <span class='ocrx_word' id='word_1_402' title='bbox 1217 4251 1386 4312; x_wconf 80' lang='lat' dir='ltr'><strong>Hadriani</strong></span> <span class='ocrx_word' id='word_1_403' title='bbox 1418 4251 1572 4315; x_wconf 79' lang='lat' dir='ltr'><strong>Caesaris</strong></span> <span class='ocrx_word' id='word_1_404' title='bbox 1596 4254 1737 4332; x_wconf 82' lang='lat' dir='ltr'><strong>domini,</strong></span> 
     </span>
     <span class='ocr_line' id='line_1_38' title="bbox 184 4350 1739 4438; baseline 0.005 -24"><span class='ocrx_word' id='word_1_405' title='bbox 184 4353 232 4438; x_wconf 89' lang='lat' dir='ltr'><strong>pit</strong></span> <span class='ocrx_word' id='word_1_406' title='bbox 255 4354 364 4416; x_wconf 85' lang='lat' dir='ltr'><strong>notari</strong></span> <span class='ocrx_word' id='word_1_407' title='bbox 391 4357 438 4418; x_wconf 84' lang='lat' dir='ltr'><strong>tt.</strong></span> <span class='ocrx_word' id='word_1_408' title='bbox 456 4351 589 4418; x_wconf 86' lang='lat' dir='ltr'><strong>Aurelii</strong></span> <span class='ocrx_word' id='word_1_409' title='bbox 606 4351 747 4434; x_wconf 77' lang='lat' dir='ltr'><strong>Augusti</strong></span> <span class='ocrx_word' id='word_1_410' title='bbox 768 4371 870 4414; x_wconf 84' lang='lat' dir='ltr'><strong>annus</strong></span> <span class='ocrx_word' id='word_1_411' title='bbox 892 4352 932 4414; x_wconf 87' lang='lat' dir='ltr'><strong>A.</strong></span> <span class='ocrx_word' id='word_1_412' title='bbox 989 4366 1025 4416; x_wconf 89' lang='lat' dir='ltr'><strong>ut</strong></span> <span class='ocrx_word' id='word_1_413' title='bbox 1050 4350 1126 4434; x_wconf 86' lang='lat' dir='ltr'><strong>pedi</strong></span> <span class='ocrx_word' id='word_1_414' title='bbox 1151 4351 1289 4416; x_wconf 82' lang='lat' dir='ltr'><strong>dextero</strong></span> <span class='ocrx_word' id='word_1_415' title='bbox 1314 4352 1458 4417; x_wconf 82' lang='lat' dir='ltr'><strong>famosae</strong></span> <span class='ocrx_word' id='word_1_416' title='bbox 1474 4353 1658 4419; x_wconf 84' lang='lat' dir='ltr'><strong>Memnonis</strong></span> <span class='ocrx_word' id='word_1_417' title='bbox 1678 4369 1739 4421; x_wconf 87' lang='lat' dir='ltr'><strong>sta·</strong></span> 
     </span>
     <span class='ocr_line' id='line_1_39' title="bbox 184 4451 1488 4539; baseline 0.001 -23"><span class='ocrx_word' id='word_1_418' title='bbox 184 4459 312 4522; x_wconf 81' lang='lat' dir='ltr'><strong>Tamen</strong></span> <span class='ocrx_word' id='word_1_419' title='bbox 328 4454 363 4515; x_wconf 91' lang='lat' dir='ltr'><strong>in</strong></span> <span class='ocrx_word' id='word_1_420' title='bbox 381 4454 535 4532; x_wconf 84' lang='lat' dir='ltr'><strong>Tiberio,</strong></span> <span class='ocrx_word' id='word_1_421' title='bbox 556 4454 653 4518; x_wconf 76' lang='lat' dir='ltr'><strong>Aelio</strong></span> <span class='ocrx_word' id='word_1_422' title='bbox 670 4451 826 4532; x_wconf 79' lang='lat' dir='ltr'><strong>Caesare,</strong></span> <span class='ocrx_word' id='word_1_423' title='bbox 849 4453 934 4516; x_wconf 89' lang='lat' dir='ltr'><strong>Con·</strong></span> <span class='ocrx_word' id='word_1_424' title='bbox 990 4467 1064 4518; x_wconf 88' lang='lat' dir='ltr'><strong>tuae</strong></span> <span class='ocrx_word' id='word_1_425' title='bbox 1084 4455 1276 4538; x_wconf 86' lang='lat' dir='ltr'><strong>inscriptum</strong></span> <span class='ocrx_word' id='word_1_426' title='bbox 1296 4454 1420 4539; x_wconf 85' lang='lat' dir='ltr'><strong>legitur</strong></span> <span class='ocrx_word' id='word_1_427' title='bbox 1442 4452 1488 4538; x_wconf 82' lang='lat' dir='ltr'><strong>h).</strong></span> 
     </span>
    </p>
   </div>
   <div class='ocr_carea' id='block_1_3' title="bbox 82 4753 1276 4856">
    <p class='ocr_par' dir='ltr' id='par_1_3' title="bbox 82 4753 1276 4856">
     <span class='ocr_line' id='line_1_40' title="bbox 82 4753 1276 4856; baseline 0.003 -19"><span class='ocrx_word' id='word_1_428' title='bbox 82 4821 90 4844; x_wconf 89' lang='lat'><strong>.</strong></span> <span class='ocrx_word' id='word_1_429' title='bbox 221 4787 252 4853; x_wconf 84' lang='lat' dir='ltr'><strong>a)</strong></span> <span class='ocrx_word' id='word_1_430' title='bbox 271 4780 556 4856; x_wconf 80' lang='lat' dir='ltr'><strong>Synag.1ud.c.t&#39;t·</strong></span> <span class='ocrx_word' id='word_1_431' title='bbox 631 4781 667 4856; x_wconf 90' lang='lat' dir='ltr'><strong>b)</strong></span> <span class='ocrx_word' id='word_1_432' title='bbox 686 4779 806 4842; x_wconf 73' lang='lat' dir='ltr'><strong>Pocock</strong></span> <span class='ocrx_word' id='word_1_433' title='bbox 822 4779 919 4842; x_wconf 83' lang='lat' dir='ltr'><strong>deser.</strong></span> <span class='ocrx_word' id='word_1_434' title='bbox 940 4779 976 4838; x_wconf 84' lang='lat' dir='ltr'><strong>os</strong></span> <span class='ocrx_word' id='word_1_435' title='bbox 987 4753 1057 4840; x_wconf 78' lang='lat' dir='ltr'><strong>east.</strong></span> <span class='ocrx_word' id='word_1_436' title='bbox 1076 4779 1110 4836; x_wconf 89' lang='lat' dir='ltr'><strong>T.</strong></span> <span class='ocrx_word' id='word_1_437' title='bbox 1121 4779 1143 4840; x_wconf 90' lang='lat'><strong>1.</strong></span> <span class='ocrx_word' id='word_1_438' title='bbox 1154 4769 1222 4838; x_wconf 77' lang='lat' dir='ltr'><strong>&#39;tab</strong></span> <span class='ocrx_word' id='word_1_439' title='bbox 1231 4787 1276 4844; x_wconf 76' lang='lat'><strong>38.</strong></span> 
     </span>
    </p>
   </div>
   <div class='ocr_carea' id='block_1_4' title="bbox 1380 4873 1470 4932">
    <p class='ocr_par' dir='ltr' id='par_1_4' title="bbox 1380 4873 1470 4932">
     <span class='ocr_line' id='line_1_41' title="bbox 1380 4873 1470 4932; baseline -0.022 0"><span class='ocrx_word' id='word_1_440' title='bbox 1380 4873 1470 4932; x_wconf 75' lang='lat' dir='ltr'><strong>&#39;Fa</strong></span> 
     </span>
    </p>
   </div>
   <div class='ocr_carea' id='block_1_5' title="bbox 0 0 2226 5558">
    <p class='ocr_par' dir='ltr' id='par_1_5' title="bbox 0 0 2226 5558">
     <span class='ocr_line' id='line_1_42' title="bbox 0 0 2226 5558; baseline 0 2"><span class='ocrx_word' id='word_1_441' title='bbox 0 0 2226 5558; x_wconf 95' lang='lat' dir='ltr'><strong> </strong></span> 
     </span>
    </p>
   </div>
  </div>
 </body>
</html>
