4444 5558
487 501 533 654 oin
955 569 1107 647 uvat
1142 568 1589 665 annxnuuutntt

486 738 626 803 vertutis
646 751 680 802 et
698 737 919 805 renovationis
935 739 1138 822 symbolum,
1157 757 1231 806 rer·
1283 759 1345 821 pra
1358 741 1497 820 pedibus
1511 742 1666 821 utrinque
1681 739 1786 804 canis.
1809 737 1880 806 Aa.
1892 741 1916 804 l.
1933 741 2038 821 (Mus.

485 863 539 904 sus
572 842 707 904 alteram
743 860 872 919 arcum,
910 841 1027 908 mortis
1064 843 1234 912 uastitatis·
1288 841 1402 922 Caes.)

486 964 550 1028 que
578 943 811 1020 instrumenta,
845 943 1031 1008 adstitutum
1062 965 1145 1010 vero
1175 943 1232 1005 tri·
1351 941 1510 1006 Mercurii
1535 954 1627 1007 sueta
1655 942 1807 1006 attributa
1835 942 1956 1027 gallus,
1988 955 2042 1008 te·

486 1046 607 1131 podem
625 1046 763 1108 innuere
782 1045 875 1130 leges
898 1045 1076 1110 Adrastese
1094 1060 1158 1111 etc.
1189 1047 1233 1107 At
1289 1043 1403 1122 studo,
1434 1045 1539 1121 aries,
1567 1045 1697 1121 hircus,
1726 1058 1782 1108 sut
1801 1045 1890 1109 canis
1912 1046 2040 1122 rarius,

487 1147 576 1210 cuins
606 1131 800 1230 praesentis*
816 1148 906 1209 nunti
933 1150 1129 1232 explicatum
1160 1167 1235 1230 sup·
1290 1159 1399 1210 tamen
1425 1160 1459 1210 et
1480 1145 1576 1228 bajus
1596 1146 1711 1212 sociati
1731 1165 1859 1210 eeussm
1876 1159 2039 1210 tenemus.

488 1250 636 1334 peditent
673 1267 787 1311 caueae
826 1249 941 1314 obviae
978 1271 1017 1314 sc
1035 1232 1038 1241 ⁵
1054 1248 1234 1333 parabiles,
1292 1251 1392 1315 Teste
1419 1248 1596 1310 Plutarcho
1620 1249 1648 1329 ¹)
1677 1247 1765 1310 cauis
1793 1247 1963 1310 Mercurio
1992 1269 2043 1311 ss·

487 1349 588 1416 modo
625 1347 683 1413 bss
719 1368 799 1432 prae
833 1349 995 1433 mysteriis
1028 1371 1127 1414 ames.
1171 1353 1236 1412 Ha·
1292 1370 1368 1427 cer,
1400 1351 1474 1432 quia
1495 1349 1548 1412 bic
1570 1347 1652 1411 deus
1673 1347 1905 1427 astutissimus,
1935 1347 2041 1412 idem·

488 1450 548 1516 bes
578 1450 613 1511 iu
643 1448 708 1513 boc
736 1451 925 1536 Apollinem
951 1437 1120 1516 Milesium
1149 1453 1237 1515 inter
1293 1471 1356 1536 qne
1382 1450 1647 1535 vigilantissimus
1672 1453 1732 1514 est,
1764 1448 1918 1513 (laninam
1940 1451 2039 1516 ctiam

490 1553 570 1617 duas
600 1551 854 1635 Smyrnaeorum
888 1555 1049 1617 Nemesos
1086 1567 1235 1620 stantem.
1292 1553 1412 1617 faciem
1440 1551 1617 1634 adsumpsit
1638 1551 1840 1629 Mercurius,
1870 1565 1905 1615 ut
1933 1552 2042 1618 refert

491 1657 619 1718 Horum
647 1655 824 1746 imaginem
853 1656 1038 1735 numinum,
1070 1655 1175 1740 qualia
1202 1655 1237 1716 iu
1293 1656 1456 1719 Lucienus
1471 1652 1521 1736 ¹²),
1542 1652 1740 1715 dissimulata
1750 1665 1865 1717 tamen
1882 1653 1954 1738 ejus
1968 1673 2042 1720 cau·

489 1767 665 1843 praesente
698 1775 798 1818 nomo
833 1771 1078 1841 proponuntur,
1115 1757 1239 1821 dabunt
1293 1778 1347 1833 ss,
1377 1775 1420 1819 ne
1441 1775 1532 1818 sscrs
1552 1754 1730 1820 revelaret.
1771 1753 1959 1820 Secundum
1978 1755 2044 1819 Ae·

490 1859 552 1922 tibi
573 1861 719 1922 sexcenti
742 1859 920 1941 Smyrnae,
950 1858 1077 1935 Mileti,
1106 1871 1141 1922 et
1168 1879 1240 1942 pas·
1296 1857 1438 1942 gyptiam
1474 1855 1570 1942 hujus
1608 1855 1679 1920 aeri
1714 1855 1916 1939 theologiam
1946 1857 2042 1922 latra-

434 2025 439 2044 ‚
491 1963 552 2026 sim
585 1960 710 2045 cogniti
739 1959 936 2023 concordiae
966 1959 1068 2025 numi.
1112 1960 1237 2026 Verum
1294 1973 1349 2022 tor
1378 1959 1503 2022 Anubis
1538 1955 1626 2020 idem
1660 1955 1722 2020 suit
1750 1977 1826 2022 cum
1858 1957 2043 2034 Mercurio,

493 2061 572 2148 qnid
607 2060 839 2126 Alexandrinis
876 2081 950 2125 cum
983 2061 1041 2122 bis
1079 2061 1239 2142 Smyrnae
1297 2082 1358 2147 qus
1390 2059 1561 2123 decanea
1589 2059 1713 2122 Anubis
1749 2061 1784 2122 in
1822 2063 2042 2128 monumentis

492 2164 701 2228 numinibusi
744 2163 827 2243 Ajo,
867 2161 976 2238 idem,
1013 2161 1101 2245 quod
1130 2161 1241 2246 Ephe·
1297 2161 1504 2245 sequioribus
1520 2161 1698 2226 caduceum
1714 2161 1911 2248 plerumque
1926 2177 2040 2247 gestat.

494 2267 551 2328 siis
579 2285 653 2327 cnm
683 2265 761 2328 lore
790 2262 992 2338 Laodiceae,
1022 2262 1111 2345 qnod
1138 2265 1240 2347 Phry·
1296 2265 1433 2330 Causam
1452 2263 1505 2327 dat
1523 2264 1659 2330 Seruius
1676 2284 1750 2327 cum
1769 2264 1947 2328 Plutarcho
1966 2265 2043 2330 dere

495 2366 589 2451 gibus
619 2385 693 2428 eum
721 2365 823 2428 Diana
850 2363 993 2447 Ephesia
1021 2377 1085 2428 etc.
1121 2365 1179 2426 Dii
1207 2366 1239 2428 in
1296 2367 1385 2430 idem
1407 2367 1551 2431 sentiens
1576 2368 1625 2448 c),
1657 2368 1753 2447 quia,
1782 2365 1906 2452 inquit,
1936 2373 2045 2451 eapite

495 2478 626 2529 moneta
663 2461 841 2528 domestica
871 2465 1042 2548 peregrini
1071 2480 1126 2530 sut
1154 2487 1241 2531 com·
1297 2473 1417 2533 ranuzo
1434 2471 1609 2552 pingitur,
1630 2468 1847 2532 braccolum
1864 2491 1937 2535 esse
1954 2471 2044 2532 Mer·

495 2567 682 2630 munionem
714 2587 900 2646 sacrorum,
941 2579 997 2628 aut
1024 2568 1137 2631 initam
1167 2589 1240 2633 cum
1300 2573 1444 2647 aurium,
1467 2573 1557 2646 ideo,
1581 2573 1662 2647 auia
1681 2569 1771 2632 nicil
1784 2584 1931 2636 artearte
1948 2591 2045 2654 saga·

495 2691 558 2734 una
584 2670 774 2754 pluribusne
803 2669 938 2731 urbibus
965 2669 1172 2735 concordiam
1195 2672 1241 2733 in·
1298 2675 1384 2735 rius.
1411 2674 1455 2733 At
1473 2692 1533 2733 cnr
1549 2670 1765 2736 Alexandrini
1781 2671 1943 2738 sinistram
1958 2675 2046 2737 Mer·

497 2755 616 2838 dicant.
648 2769 779 2834 Foedus
798 2769 1029 2833 Alexandrinis
1050 2792 1124 2836 cum
1143 2773 1241 2838 Asiae
1299 2773 1382 2840 curii
1400 2793 1531 2836 menum
1551 2793 1644 2837 ramo
1667 2774 1810 2859 oblongo
1832 2775 2046 2839 instruxerint

495 2873 631 2939 urbibus
646 2871 890 2949 intercessisse,
903 2871 1026 2936 docent
1040 2895 1118 2938 sune
1133 2874 1244 2958 Ephe·
1299 2897 1365 2940 non
1386 2876 1421 2936 in
1441 2875 1505 2938 boc
1528 2875 1627 2938 modo
1646 2896 1765 2956 numo,
1791 2876 1851 2942 sed
1874 2891 1908 2942 et
1927 2869 1962 2940 iu
1982 2878 2047 2941 ire·

497 2976 620 3041 siarum
641 2989 675 3038 et
694 2975 876 3041 Samiorum
896 2975 1003 3053 numi,
1029 2996 1170 3062 quorum
1193 2977 1243 3041 illi
1299 2976 1472 3062 questibus
1486 2975 1958 3066 sequentiumiuiperatoram,
1980 2999 2045 3042 non

497 3077 683 3142 Caracallus
722 3091 828 3142 aetate
866 3077 984 3163 signati
1018 3079 1243 3144 inscribuntur
1299 3101 1403 3163 seque
1420 3080 1500 3142 mibi
1515 3091 1731 3166 compertum.

497 3176 689 3246 KOINON.
728 3175 958 3246 maecum.
996 3181 1088 3246 ΚΑΙ.
1131 3175 1244 3242 ΑΛΕ-

497 3279 768 3348 ΞΑΝΔΡΕΩΝ.
794 3297 888 3348 sueto
912 3281 1065 3348 ludorum
1091 3295 1184 3366 typo:
1210 3281 1245 3344 bi
1561 3297 1580 3336 t
1663 3249 1683 3284 ⁴⁵
1764 3299 1789 3338 a

498 3383 667 3449 Gordiano
682 3385 863 3466 imperante
881 3386 1014 3470 signatis
1036 3381 1246 3446 ΟΑΜΙΩΝ.
1360 3385 1486 3452 ΙΜΔ.
1507 3391 1646 3450 Perseus
1658 3390 1893 3473 chlamydatus
1906 3409 1979 3454 rum
1989 3409 2048 3471 ga·

498 3485 591 3548 ΚΑΙ.
621 3481 989 3549 ΑΛΕΞΑΝΔΡΕΩΝ.
1014 3482 1244 3548 OMONOIA.
1291 3490 1508 3555 deorsumve
1527 3491 1558 3552 d.
1576 3489 1976 3576 tenensfalcemlaumero
1994 3511 2049 3572 ap-

500 3599 578 3668 typo
605 3583 699 3646 leidis
728 3602 802 3647 curn
830 3583 906 3646 velo
933 3585 1055 3650 stantis.
1095 3583 1246 3678 Quorum
1299 3591 1483 3672 plicatam,
1506 3592 1680 3654 sinistram
1697 3594 1843 3674 porrigit
1860 3595 2050 3656 Androme-

393 3683 397 3694 '
501 3685 656 3768 exemplo
681 3703 853 3746 numerum
875 3685 903 3748 si
924 3687 1046 3770 lingas,
1077 3687 1172 3762 buia,
1204 3686 1246 3750 de
1302 3694 1366 3754 dae
1382 3693 1422 3754 de
1437 3711 1516 3774 rupe
1532 3693 1750 3757 descendenti.
1773 3693 1877 3759 ΔΕΑ.
1895 3695 2051 3778 (zoega.)

502 3806 566 3872 quo
602 3783 745 3869 egimus,
784 3785 995 3871 inscriptum:
1041 3787 1246 3852 ΑΛΕΞΑΝ·
1366 3793 1405 3856 L.
1423 3791 1463 3857 Z.
1498 3794 1645 3876 Orpheus
1663 3798 1779 3860 sedeas
1794 3800 1927 3862 cithara
1946 3799 2050 3871 canit,

503 3883 678 3952 ΔΡΕΩΝ.
718 3883 980 3958 Mutttcttstt.
1016 3886 1248 3956 CMTPNAI·
1297 3897 1500 3958 circumstat
1518 3901 1740 3962 animantium
1759 3900 1951 3967 multitudo.
1978 3895 2049 3962 AE.

502 3989 590 4054 tttt.
620 3985 868 4068 0MON01n.‚
905 3991 1006 4059 habes
1037 3993 1247 4061 concordiam
1297 3999 1331 4064 ·l.
1350 3998 1505 4082 (Zaiga.)

501 4093 589 4156 inter
618 4091 718 4154 urbes
745 4104 813 4156 tres
839 4093 899 4159 bac
925 4109 1030 4163 aetate
1056 4099 1089 4162 in
1118 4095 1247 4162 urbium
1367 4100 1484 4164 Ilesert
1500 4102 1672 4165 Pausanias
1688 4103 1738 4184 d),
1759 4101 1890 4167 stetisse
1907 4101 1941 4164 in
1958 4103 2052 4166 Heli·

503 4193 609 4258 nurnis
633 4192 770 4260 obviam.
1305 4221 1388 4268 cone
1413 4203 1540 4290 Orphei
1565 4205 1692 4288 signnm
1716 4205 1917 4270 inferarum
1941 4201 2051 4268 medio

863 4369 882 4406 ·
1304 4305 1469 4384 canentis,
1512 4305 1696 4370 adstitutam
1735 4323 1909 4393 praeterea
1950 4307 2051 4371 inisse

760 4411 780 4451 ί
966 4417 986 4454 ¹*
1303 4407 1480 4496 imaginem
1509 4408 1665 4487 Taberna,
1697 4411 1927 4487 Initiutionir,
1961 4409 2052 4492 cujus

568 4501 608 4568 L.
625 4497 669 4566 H.
693 4505 883 4570 Illercurius
901 4511 1047 4574 stantia
1064 4511 1250 4593 templarii·
1302 4531 1424 4597 nempe
1459 4524 1573 4576 ructor
1605 4511 1751 4582 creditus
1782 4511 1948 4595 Orpheus.
1992 4513 2053 4573 Est

503 4605 591 4688 stylo
609 4607 640 4668 d.
656 4609 852 4685 caduceum,
871 4631 1042 4674 aramum
1061 4615 1248 4698 oblongum,
1300 4635 1386 4682 uero
1416 4615 1513 4680 etiam
1540 4613 1679 4700 Orpheo
1711 4635 1785 4680 oum
1815 4617 1966 4700 Aegypto
1997 4633 2053 4678 ue·

541 4821 833 4896 stertasro'air.
910 4835 1161 4908 bjdialnnnr.
1235 4843 1587 4917 rjsdAru.Vlll.698.
1663 4840 1910 4916 antinoo.
