4430 5564
513 595 588 676 lt90

512 747 664 816 coloniae
687 747 811 807 Romae
834 739 1015 816 conditori,
1046 751 1182 802 statuam
1209 724 1263 802 au*-

512 872 603 914 ream
621 850 711 911 mille
729 847 885 926 librarum
904 864 978 906 cum
998 855 1107 915 tauro,
1137 857 1170 905 et
1190 864 1264 907 vac·

512 973 549 1018 ca
574 953 674 1015 fuisse
703 953 852 1033 positam.
891 945 976 1012 Vide
1007 943 1048 1005 ad
1079 945 1160 1006 hanc
1189 964 1263 1006 cau·

511 1077 580 1117 sam
608 1039 704 1117 etiam
733 1070 850 1113 numos
876 1043 1047 1109 Commodi
1074 1046 1115 1108 ad
1143 1066 1260 1108 annum

512 1158 554 1225 V.
570 1155 606 1218 C.
626 1153 700 1237 943.

575 1256 675 1319 Sacra
693 1256 775 1316 hace
796 1249 993 1316 caerimonia
1014 1247 1261 1312 circumducen·

513 1357 547 1420 di
571 1359 669 1420 aratri
694 1377 759 1419 non
781 1355 815 1418 in
838 1352 976 1416 coloniis
997 1350 1094 1412 modo
1111 1371 1129 1411 e
1148 1349 1262 1413 sunda·

512 1473 625 1523 mento
663 1457 835 1521 exstructis
875 1453 1043 1516 observata
1080 1451 1161 1527 fuit,
1199 1449 1260 1513 sed

513 1562 610 1626 etiam
633 1559 746 1636 iniis,
772 1577 872 1643 quae,
898 1575 970 1618 cum
993 1553 1084 1615 urbis
1106 1553 1170 1635 jam
1193 1551 1260 1612 for·

513 1681 599 1724 mem
630 1646 813 1736 haberent,
843 1678 905 1742 per
942 1655 1077 1718 colonos
1115 1653 1259 1718 adventi·

510 1765 596 1839 tius,
644 1775 698 1827 aut
739 1763 839 1826 etiam
876 1771 998 1823 tantum
1036 1758 1260 1818 Romanorum

511 1865 675 1931 beneficio
719 1863 868 1928 coloniae
916 1863 987 1945 jura
1037 1857 1269 1922 obtinuerunt..

423 2025 424 2032 ,
510 1969 690 2034 Enimuero
716 1965 776 2027 fuit
799 1959 1140 2052 Casilinum-originis
1168 1971 1259 2024 vetu-

512 2085 598 2148 stae,
624 2069 739 2151 etjam
758 2067 837 2130 olim
855 2064 983 2129 colonis
1000 2063 1165 2146 auspicato
1183 2081 1259 2125 con·

511 2175 640 2248 stituta,
669 2182 830 2234 ettamen
853 2190 925 2233 cum
948 2169 995 2231 Μ.
1017 2164 1176 2227 Antonius
1201 2183 1259 2224 no·

511 2275 643 2340 sissimo
679 2272 839 2335 coloniam
878 2291 918 2332 eo
956 2268 1120 2343 mitteret,
1159 2265 1258 2328 aratri

511 2377 708 2458 religionem
727 2395 794 2436 uon
813 2371 978 2454 neglexit,
1007 2365 1146 2432 docente
1170 2365 1258 2426 istud

513 2475 675 2542 Cicerone
698 2474 747 2537 his
769 2475 803 2534 in
825 2492 900 2534 eum
923 2469 1032 2532 uerbis
1054 2469 1185 2533 invecto
1209 2469 1255 2550 ·)t

517 2579 702 2640 Curilr'rtum
721 2577 886 2636 colonium
901 2573 1135 2633 deduxtsn'm
1152 2582 1189 2630 ut
1208 2591 1258 2633 ve·

512 2679 636 2742 nillum
657 2677 790 2737 tolleres
813 2685 847 2735 et
874 2684 1021 2733 aratrum
1042 2672 1260 2742 circumduce-

513 2802 574 2846 ras.
600 2778 710 2873 Quare
727 2795 929 2860 nequaquam
945 2772 1078 2850 mirum,
1100 2773 1133 2833 in
1152 2771 1258 2834 uumis

512 2901 626 2945 carum
652 2877 873 2954 coloniarum,
908 2896 991 2959 qnae
1018 2873 1258 2958 antiquissimae

511 2981 645 3044 fuerunt
669 2981 856 3064 prosapiae,
888 2991 925 3040 ut
949 2977 1080 3058 Beryti,
1110 2975 1257 3051 Sidonis,

513 3083 611 3166 Tyri,
635 3083 821 3157 Patronem,
847 3081 948 3164 ipsius
973 3079 1049 3164 quin
1073 3079 1170 3140 etiam
1192 3079 1259 3139 Ro·

510 3204 584 3248 mae
619 3181 798 3247 secuudum
835 3179 1006 3244 Commodi
1045 3200 1180 3255 numos,
1218 3179 1259 3239 si·

512 3285 605 3372 gnari
628 3297 780 3348 aratrum.
816 3280 1007 3376 Quanquam
1033 3304 1074 3345 ex
1095 3283 1257 3344 Cicerone

511 3401 602 3454 recte
620 3385 851 3468 intelligimus,
873 3405 940 3448 nott
956 3384 1045 3446 urhis
1063 3381 1177 3458 modo,
1200 3379 1259 3444 sed

514 3504 548 3556 et
570 3487 730 3553 territorii
754 3487 903 3550 coloniae
925 3485 1083 3570 adsignati
1104 3481 1259 3546 ambitum

511 3605 619 3656 aratro
643 3589 823 3654 definitum.
856 3587 912 3651 Sic
933 3590 1018 3652 enim
1038 3588 1166 3650 citatam
1184 3603 1260 3646 mox

512 3693 693 3756 orationem
729 3689 960 3775 prosequitur:
1001 3692 1094 3768 cojras
1130 3691 1262 3772 qut'dem¹

512 3815 637 3856 comere
658 3807 791 3875 portam
819 3794 952 3872 Capuae
975 3811 1080 3872 purae
1100 3793 1260 3872 perstrin·

510 3897 614 3969 xisti,
646 3905 684 3956 ut
696 3894 857 3978 florentis
881 3893 1033 3955 coloniae
1055 3889 1260 3953 territorium

511 3997 726 4058 minueretur.

575 4091 826 4160 Observandum
868 4105 1057 4176 praeterea,
1097 4093 1132 4155 in
1166 4095 1258 4158 nulio

511 4199 761 4282 municipiorum
791 4213 891 4256 numo
918 4196 1015 4258 aratri
1044 4209 1153 4280 typum
1181 4218 1259 4260 con.

509 4304 611 4388 epici,
642 4323 679 4367 ac
711 4301 784 4385 jure
813 4295 920 4378 istud3
950 4317 1057 4380 neque
1086 4299 1191 4375 enim,
1221 4313 1258 4363 nt

511 4407 604 4468 initio
632 4405 729 4488 hujus
757 4414 911 4466 tractatus
941 4399 1098 4476 diximus,
1127 4401 1183 4464 itta
1206 4421 1261 4464 ea·

511 4509 586 4572 dem
608 4507 742 4572 suerunt
764 4502 969 4580 conditione,
999 4525 1060 4588 qua
1091 4503 1257 4582 coloniae,

511 4631 593 4695 quae
625 4631 666 4672 ex
693 4608 824 4674 ciuitate
853 4619 1050 4692 propagatae
1076 4607 1146 4690 jura
1169 4607 1259 4670 insti·

547 4819 578 4889 a)
598 4814 724 4878 uastat.
742 4827 786 4878 aa.
861 4791 896 4882 ii
917 4813 1057 4884 rasati:
1077 4824 1139 4880 aas.

1108 569 1308 646 cauvu
1344 551 1468 641 xxttt.

1318 753 1453 824 tutaque
1483 735 1590 800 omniu
1618 737 1731 821 popuii
1759 741 1815 816 tt,
1847 760 1912 802 nott
1943 739 1991 802 soi
2024 759 2076 802 ar·

1318 843 1409 906 bitrii
1430 839 1631 914 habuerunt,
1655 855 1688 903 et
1710 840 1800 902 urbis
1822 843 1862 904 tt.
1885 842 1976 924 quasi
1999 841 2075 904 eiti-

1319 947 1390 1028 gias
1408 963 1525 1026 parvae
1544 955 1617 1004 sont
1634 943 1733 1006 visae.
1762 942 1974 1032 Quapropter
1989 961 2075 1026 que·

1318 1045 1525 1109 madmodum
1541 1043 1719 1124 Romulus,
1739 1062 1813 1108 cum
1832 1046 1970 1108 Romam
1991 1063 2072 1108 con·

1319 1149 1430 1226 deret,

1382 1353 1463 1416 Iuda
1484 1371 1635 1436 premens
1655 1351 1777 1413 stiuam
1802 1349 1955 1430 designor
1982 1369 2071 1412 moe·

1564 1519 1566 1538 Ι
1783 1452 1841 1511 ur'u
1862 1450 1973 1525 sulco,

1424 1551 1519 1616 Albo
1529 1552 1648 1634 jugum
1667 1553 1762 1614 niveo
1780 1553 1946 1614 cambone
1966 1569 2068 1614 oucco

1782 1653 1873 1714 satie.

1315 1869 1351 1920 ut
1372 1857 1418 1924 ait
1438 1855 1576 1923 Ovidius
1598 1853 1651 1936 b),
1678 1854 1725 1919 sic
1749 1868 1783 1920 et
1804 1854 1951 1938 ejusdem
1975 1853 2067 1916 modi

1315 1959 1398 2024 ritus
1420 1959 1454 2020 in
1475 1957 1693 2043 propagandis
1721 1957 1858 2021 coloniis
1884 1955 1947 2019 fuit
1973 1955 2069 2018 adiri·
2178 1980 2179 1986 ¹

1314 2059 1412 2126 bitus.
1462 2059 1558 2131 Vnde
1597 2073 1632 2124 et
1672 2073 1763 2124 certa
1801 2059 1885 2122 ratio
1922 2060 2066 2141 petitur,

1315 2182 1375 2227 cur
1408 2163 1443 2225 iu
1478 2163 1584 2226 numia
1611 2163 1811 2226 Graecarum
1843 2162 2064 2238 coloniarum,

1316 2287 1398 2352 quae
1430 2267 1526 2331 variis
1554 2267 1640 2350 typis
1667 2286 1761 2329 suum
1790 2285 1863 2327 cum
1885 2265 2065 2348 metropoli

1315 2389 1435 2432 nexum
1462 2365 1611 2449 profiteri
1633 2379 1709 2430 sunt
1731 2368 1866 2444 solitae,
1899 2387 2065 2450 uunquam

1314 2468 1468 2534 sacerdos
1490 2489 1584 2532 arans
1609 2483 1814 2553 compareat,
1845 2467 1918 2554 qnia
1940 2467 1995 2532 hio
2024 2472 2066 2532 ri·

1315 2585 1366 2634 tus
1386 2571 1542 2634 Romania
1563 2584 1688 2633 tantum
1709 2571 1771 2636 suit
1791 2572 1964 2656 proprius,
1998 2591 2064 2636 non

1316 2693 1396 2741 vcro
1416 2673 1513 2738 etiam
1535 2671 1682 2739 Graecis.

1394 2913 1433 2977 11.
1459 2911 1564 2994 Signo
1586 2914 1753 2978 militaria
1774 2925 1807 2976 et
1829 2915 1988 2996 legiones.

1378 3078 1543 3161 Persaepe
1564 3079 1647 3143 haec
1669 3081 1702 3142 in
1724 3079 1928 3144 coloniarum
1956 3082 2064 3142 numia

1316 3192 1510 3258 occurrunt,
1532 3195 1729 3246 nontamen
1753 3183 1850 3260 solis,
1872 3193 1907 3244 ut
1927 3180 2064 3246 dicetur.

1315 3279 1424 3360 Medi,
1457 3281 1572 3366 quibus
1599 3283 1656 3348 itta
1684 3285 1717 3346 in
1745 3285 1796 3347 itis
1824 3284 1967 3368 proponi
1990 3305 2064 3348 con·

1317 3399 1510 3463 sueverunt,
1533 3385 1674 3463 uariant,
1696 3407 1779 3472 quos
1797 3405 1973 3452 enumero:

1384 3486 1488 3568 Signa
1510 3490 1676 3550 militaria
1698 3489 1788 3566 solu,
1818 3487 1924 3571 qualia
1947 3489 2063 3552 ridere

1317 3602 1366 3651 est
1381 3589 1414 3650 in
1430 3589 1535 3652 numia
1549 3589 1643 3665 Acci,
1661 3589 1951 3673 Caesaraugustae,
1969 3591 2068 3654 Eme·

1316 3691 1414 3768 ritae,
1436 3692 1550 3774 Beryti
1569 3705 1633 3753 etc.

1383 3793 1489 3874 Signa
1510 3795 1676 3854 militaria
1698 3793 1877 3874 odrorr'ptt's
1894 3793 2066 3876 legionum

1317 3897 1515 3956 nominibus.
1536 3893 1622 3960 Vide
1638 3913 1754 3957 numos
1775 3894 1871 3972 Acci,
1889 3894 2067 3960 Caesarau-

1317 4009 1446 4080 gustae,
1469 3996 1656 4076 Patrarum,
1677 3995 1793 4080 Beryti
1811 4011 1876 4062 etc.

1383 4098 1487 4180 Signo
1513 4097 1678 4162 militaria
1701 4123 1769 4164 unu
1794 4119 1868 4162 oum
1891 4101 2067 4164 sacerdote

1315 4211 1444 4260 oruata.
1486 4199 1572 4266 Vide
1609 4221 1726 4265 numos
1761 4199 2066 4266 Ptoiemaidis.'1n

1315 4299 1482 4366 nonnullis
1500 4302 1695 4367 Antiochiae
1713 4302 1874 4379 Pisidiae,
1904 4315 1937 4366 et
1954 4303 2071 4368 Patra·

1315 4425 1389 4467 rum
1411 4407 1481 4486 ipre
1498 4407 1653 4468 sacerdos
1671 4425 1771 4468 aruns
1787 4427 1850 4490 pro
1871 4407 1977 4472 solitu
1995 4429 2070 4468 sra-

1316 4513 1387 4570 tr'cu
1405 4509 1565 4569 vexillum
1584 4517 1680 4568 tonet.

1378 4609 1416 4671 In
1435 4629 1534 4674 numo
1553 4609 1828 4694 Caesaraugustae
1852 4607 1991 4672 anticam
2013 4627 2069 4673 oc·
