4468 5568
516 541 593 612 un
630 539 750 613 ror.
786 543 858 612 uu
894 541 1017 620 vus.
1050 539 1392 638 nuocome„
1638 525 1734 627 scs

162 711 267 776 niciae
296 712 466 793 potestatis
495 730 653 774 numerus
683 729 748 774 nou
779 731 911 796 semper
966 711 1014 776 ris
1033 711 1216 776 immutare.
1255 713 1396 775 Possunt
1424 712 1634 797 baem-quae
1662 711 1709 790 di<

161 811 285 877 indicat
322 807 396 874 trib.
435 824 626 896 potestatam
666 813 824 896 primam,
862 815 910 876 sia
967 816 1019 890 si,
1050 813 1091 878 ab
1118 811 1278 896 exemplis
1300 813 1373 874 aliia
1394 811 1553 878 adlinibua
1573 813 1708 898 copiosa

160 935 270 1000 neque
293 915 431 978 omissus
452 930 646 978 neocoratua
667 935 825 980 numerus
855 936 911 977 ne·
965 916 1133 982 illustrari.
1173 916 1282 978 Fuere
1304 913 1422 994 urbes,
1450 936 1532 1002 quac
1553 916 1588 978 iu
1607 918 1710 999 impe-

162 1017 308 1082 cesaario
349 1015 504 1080 indicabit
540 1028 752 1080 neocoratsm
789 1017 913 1100 simpli·
966 1031 1111 1082 ratarum
1141 1018 1276 1101 gratiam
1306 1037 1424 1082 noram
1455 1017 1496 1080 ab
1522 1017 1575 1080 bia
1602 1036 1711 1081 aeram

163 1139 248 1182 esau.
282 1116 369 1211 Quid
390 1117 477 1202 qaod
496 1118 717 1202 etPhilippua
739 1120 851 1184 senior
876 1118 910 1180 in
967 1119 1148 1196 insereres
1166 1119 1272 1184 aerius
1293 1119 1413 1184 iterum
1435 1132 1616 1182 extrusere.
1657 1119 1712 1182 Sic

163 1222 270 1284 nausis
301 1220 405 1284 obviis
432 1219 552 1282 dicitur
577 1221 771 1306 simpliciter
797 1221 911 1298 005..
969 1237 1178 1306 posteaquam
1200 1221 1440 1286 Antiochenses
1464 1221 1578 1303 Syriae
1603 1240 1713 1283 aersru

165 1323 264 1384 etiam
285 1341 356 1384 cunt
380 1343 421 1384 cx
445 1323 516 1386 aliis
539 1324 644 1386 causis
665 1323 837 1388 manifeste
858 1345 913 1406 pa·
970 1325 1193 1388 Caesarianam
1234 1322 1454 1399 induxerunt,
1496 1343 1563 1384 uon
1603 1322 1714 1394 multis

165 1437 250 1499 teat,
275 1442 349 1484 euna
372 1434 445 1484 tusa
464 1423 527 1506 jana
552 1425 721 1490 consulatu
740 1428 794 1490 lll.
811 1425 913 1490 fuisse
970 1437 1079 1487 tameo
1110 1437 1183 1506 post
1211 1423 1304 1488 sunia
1334 1441 1442 1487 aeram
1473 1423 1636 1486 seruum
1667 1425 1714 1491 sic

165 1525 323 1588 sunctum.
368 1525 477 1608 Atque
515 1527 612 1590 stiam
647 1529 677 1592 si
711 1527 752 1592 ab
784 1526 914 1588 urbiam
970 1523 1151 1600 admisere,
1186 1539 1223 1588 ut
1252 1540 1420 1606 utramque
1450 1523 1588 1588 testibus
1617 1524 1738 1590 etiam.

165 1625 332 1690 communi
362 1623 530 1689 doctrinae
564 1627 802 1692 adversantium
833 1640 915 1692 cata·
970 1627 1077 1690 numia
1105 1628 1290 1710 promiscue
1320 1638 1534 1708 usurparent,
1566 1648 1642 1690 mox
1663 1626 1719 1690 ad·

166 1729 248 1810 logo
264 1725 402 1790 eximam
418 1727 605 1824 Ephesum,
622 1749 687 1791 nou
703 1729 788 1790 istud
805 1749 920 1792 aueum·
972 1728 1137 1820 rastitium
1161 1729 1296 1794 alteram
1321 1741 1450 1790 mortuo
1473 1729 1637 1809 Augusto,
1664 1747 1737 1790 cu·.

166 1829 265 1892 unius
302 1841 354 1891 est
388 1828 577 1906 arbitrium,
619 1830 679 1895 aad
708 1831 772 1912 jam
804 1829 917 1894 docuit
973 1833 1023 1916 jus
1045 1832 1104 1894 illa
1127 1851 1220 1894 causa
1243 1829 1374 1905 inducta
1392 1828 1469 1904 luit,
1500 1829 1717 1904 eliminarent.

167 1927 381 2004 vastitanus,
413 1929 562 2012 quando,
591 1931 713 2014 inquit,
747 1933 780 1994 in
808 1933 918 2015 Ephe·
975 1935 1174 2018 Sinopenaea
1203 1932 1301 1994 Ponti
1328 1951 1436 1994 aarum
1459 1952 1477 1992 a
1499 1931 1582 1993 lulio
1604 1933 1720 2002 Cacsa-

167 2032 292 2094 aiorum
315 2045 446 2094 moneto
464 2032 587 2115 legitur
600 2029 717 2099 TPIC.
736 2031 919 2098 ΝΕΩΚΟ·
974 2057 1012 2100 ne
1035 2036 1164 2098 ductam
1185 2033 1233 2097 sic
1254 2033 1436 2107 admisere,
1465 2035 1503 2093 ut
1521 2053 1560 2096 ea
1582 2025 1719 2096 sseculia

170 2127 308 2208 Poll„
333 2131 567 2216 intelligendos
585 2147 652 2196 turn
669 2147 738 2198 tres
754 2137 920 2220 Augusto-
975 2136 1108 2200 circiter
1130 2134 1255 2198 duobus
1279 2151 1351 2197 cum
1375 2133 1511 2196 dimidio
1534 2147 1721 2196 constanter

170 2251 244 2294 rum
263 2247 476 2310 requeratur,
505 2234 633 2319 quando
652 2233 917 2314 TetPnKtC„
975 2251 1164 2313 uterentur,
1203 2249 1235 2298 at
1266 2235 1448 2320 insperante
1479 2233 1610 2296 demum
1642 2234 1722 2298 sle·

171 2331 467 2416 tutuoonjuuctum
489 2357 551 2396 una
573 2336 824 2420 intelligendum
841 2357 922 2401 neo·
974 2337 1099 2402 sundro
1129 2337 1257 2402 Severo
1288 2337 1410 2422 placuit
1441 2355 1512 2402 eam
1543 2355 1722 2418 seponere,

172 2447 319 2498 curatum
339 2433 441 2502 THC.
463 2433 747 2502 APTeMtttoc.
767 2461 825 2503 seu
843 2439 917 2502 Dia·
976 2456 1010 2506 et
1036 2439 1077 2505 ad
1097 2453 1244 2504 ueterem
1271 2459 1360 2502 susm
1386 2438 1539 2502 obtentae
1563 2438 1722 2502 libertatis

170 2557 235 2602 uae
250 2556 343 2616 suae,
373 2552 410 2602 ut
433 2539 515 2601 adeo
537 2539 645 2622 judice
670 2542 852 2608 Vaillantio-
868 2563 918 2604 va·
977 2562 1071 2608 causa
1094 2539 1298 2604 constitutam
1321 2539 1445 2606 redire.
1482 2542 1598 2624 Neque
1627 2540 1724 2603 aliter

170 2642 259 2703 risus
281 2638 315 2700 in
339 2639 464 2721 Ephesi
492 2641 598 2702 numia
620 2641 738 2708 TPlC.
762 2645 815 2709 rel
846 2641 922 2704 Te·
977 2659 1083 2710 autum
1107 2643 1253 2706 ridemus
1281 2663 1355 2716 com
1382 2641 1572 2707 nominihus
1597 2641 1637 2706 ab
1666 2642 1725 2703 im·

172 2735 355 2804 Tt’ttttm.
391 2752 514 2805 tantum
546 2757 660 2824 arguat
690 2745 833 2808 additum
866 2746 920 2807 rel
978 2745 1320 2830 peratoribnscaptis‚
1341 2763 1422 2829 quae
1441 2741 1633 2819 urbesaibi‚
1654 2742 1723 2807 aiva

172 2839 342 2922 demptum
372 2843 532 2924 privatum
561 2864 654 2906 suurn
691 2860 921 2920 neocoratum,
979 2868 1078 2922 rere,
1110 2859 1144 2908 et
1172 2846 1255 2928 grati
1282 2845 1380 2906 animi
1411 2866 1524 2920 causa,
1558 2845 1627 2908 sive
1657 2843 1727 2928 psl·

172 2940 324 3024 nihilque
353 2943 387 3002 in
415 2944 492 3026 lege
522 2943 684 3008 ordinaria
706 2947 920 3010 immutatum.
980 2949 1077 3032 pandi
1107 2947 1235 3022 studio,
1272 2945 1450 3011 adscivere.
1496 2948 1617 3008 Tarsus
1649 2944 1727 3007 citt-

174 3045 270 3126 Erqo
301 3042 416 3126 quibua
445 3043 478 3104 in
508 3045 643 3108 urbibus
671 3059 764 3110 certo
794 3057 925 3110 constet
982 3049 1053 3112 ciae
1079 3068 1115 3109 se
1141 3047 1281 3130 primum
1300 3042 1382 3107 dixit
1401 3048 1628 3122 Hadrianum,
1657 3059 1726 3109 tum

175 3141 353 3220 variatum,
386 3144 621 3230 transitumque
643 3170 661 3211 a
683 3146 712 3209 Γ
735 3146 776 3210 ad
797 3145 843 3224 B,
874 3165 924 3208 so·
983 3151 1191 3212 Hadrianum
1228 3149 1514 3219 Commodianam,
1553 3165 1629 3206 mox
1659 3146 1728 3208 Ha·

174 3245 227 3308 lae
263 3257 339 3310 suut
374 3244 495 3308 Sardes
525 3261 560 3309 et
591 3230 824 3324 Nicomedias
841 3267 923 3332 quae
983 3253 1136 3312 driunum
1168 3249 1401 3323 Severianum,
1435 3246 1555 3309 iterum
1585 3246 1729 3310 Hudrr'u-

176 3346 292 3430 utique
314 3361 525 3411 causaa'auas
549 3349 690 3433 privatas
713 3351 807 3412 nobis
833 3352 925 3433 igno·
983 3373 1059 3414 narn
1078 3351 1291 3414 Severianum
1311 3349 1576 3424 Macrinianam,
1590 3345 1729 3414 subinde

177 3463 242 3525 tas,
285 3465 345 3511 cttr
376 3449 423 3511 sic
456 3449 637 3528 variarent,
674 3452 797 3515 habere
833 3465 926 3536 pote·
983 3453 1191 3516 Hadrianum
1210 3449 1423 3512 Sce’eria'num
1440 3448 1729 3534 Alexandrinum,

176 3561 259 3611 rant.
294 3547 383 3642 Quid
405 3550 432 3612 si
453 3533 682 3638 nonnunquam
712 3565 923 3616 neocoraturu
982 3575 1022 3617 ex
1050 3571 1115 3636 quo
1135 3551 1290 3634 exemplo
1315 3563 1421 3634 patet,
1444 3570 1514 3612 cum
1542 3569 1578 3612 ae
1606 3549 1728 3612 diuisae

177 3653 567 3735 unumauppressissent‚
590 3655 659 3716 sire
678 3653 764 3738 quod
786 3653 839 3718 hic
862 3677 926 3717 ma·
982 3655 1179 3718 Hadrianum
1201 3666 1235 3716 ct
1260 3651 1468 3716 Seuerianam
1499 3671 1542 3712 ex
1567 3670 1649 3713 sero
1676 3650 1731 3714 ad·

175 3753 267 3836 joras
290 3767 435 3837 sumptus
462 3757 631 3840 exigeret,
655 3778 749 3840 quum
771 3755 861 3820 serre
882 3757 926 3818 ci-
981 3757 1092 3836 lecto,
1128 3755 1216 3838 quod
1254 3755 1336 3816 baec
1372 3753 1503 3814 nomina
1540 3773 1732 3835 persevera·

180 3853 261 3916 ritas
288 3869 415 3936 posset,
446 3857 515 3921 sire
538 3857 626 3941 quod
648 3873 839 3922 senesceret
859 3879 926 3922 nse·
984 3871 1079 3935 runt,
1109 3871 1143 3921 at
1171 3853 1424 3920 Commodianus
1453 3867 1487 3934 qt
1512 3855 1733 3920 Macrinianae

179 3952 284 4016 naaria
323 3956 458 4040 alicujus
495 3957 667 4037 beneficii,
707 3961 798 4044 cnjus
833 3981 929 4026 causa
985 3960 1098 4022 titulos
1114 3957 1304 4023 adsentandi
1319 3977 1414 4020 cause
1432 3969 1619 4040 susceptos,
1645 3957 1734 4041 qnod

180 4056 320 4138 Augusti
343 4059 478 4142 alicujus
503 4076 716 4127 neocoratum
743 4061 929 4141 ambirere,
985 4064 1046 4127 bac
1075 4060 1199 4125 sublata
1227 4064 1381 4127 continno
1409 4071 1483 4120 sunt
1510 4059 1638 4143 abjecti.
1682 4062 1735 4122 An

181 4157 251 4221 aira
268 4179 366 4222 verso
383 4161 520 4224 subinde
536 4163 569 4225 in
590 4165 823 4248 imperatorem
841 4163 928 4239 odio,
987 4185 1071 4232 vero
1110 4163 1284 4228 absurdunt
1321 4161 1473 4228 rideatur
1512 4160 1655 4244 opinari,
1699 4163 1735 4224 in

183 4260 274 4342 cujus
296 4259 391 4325 inere
415 4265 576 4328 neocoril
607 4267 723 4353 Neque
747 4269 834 4330 anim
857 4267 929 4351 quis
986 4275 1222 4330 neocoratuum
1251 4285 1346 4327 cansa
1376 4281 1470 4324 more
1499 4282 1564 4324 uon
1595 4263 1736 4326 absimili

185 4363 367 4446 prudenter
389 4367 450 4430 sibi
474 4370 709 4450 persuaserit„
723 4371 932 4450 impetratum
970 4361 1164 4451 *aliquando
1186 4367 1226 4431 ab
1248 4360 1382 4430 irrbibus
1400 4363 1528 4427 actum?
1562 4365 1662 4442 Esto,
1685 4386 1738 4427 ur·

186 4481 318 4531 senatus
333 4469 484 4533 consulto
498 4486 709 4556 neocoratum
724 4472 772 4534 sic
786 4469 888 4534 inisse
901 4471 933 4531 in
992 4471 1066 4532 bern
1100 4468 1282 4554 quampiam
1318 4465 1358 4528 ad
1395 4464 1634 4530 observandum
1664 4467 1739 4532 Els-

187 4571 318 4634 uisitata
352 4572 582 4648 constitutum,
615 4587 653 4636 ut
691 4585 844 4635 aeternus
882 4571 936 4634 bic
994 4570 1142 4656 gabalum
1172 4591 1290 4633 norunt
1322 4567 1383 4630 sibi
1404 4557 1616 4631 neocoratum
1638 4569 1740 4653 impe·

187 4674 247 4738 ille
262 4686 367 4752 esset,
382 4694 493 4760 neque
510 4674 683 4760 quidquam
699 4675 816 4738 liceret
831 4687 938 4760 poste-
994 4687 1118 4751 trusae,
1139 4695 1178 4736 an
1202 4671 1375 4736 credemus
1396 4669 1535 4734 adivisse
1557 4671 1737 4754 periculum

248 4795 443 4876 (narr.)
1423 4788 1499 4884 <ta
1564 4804 1572 4814 ·
