4372 5556
917 541 1575 646 unvurvnnnrueunu

826 1347 1049 1438 anrr
1110 1331 1696 1458 rorvn‘onvnt,

702 1685 1814 1786 vnnrvnpvorucuuranvm

486 2185 643 2298 Exstant
666 2229 761 2310 hujus
782 2226 894 2291 olsssis
916 2226 1007 2288 numi
1022 2243 1093 2288 non
1116 2225 1230 2308 panni,
1288 2227 1393 2288 minus
1414 2245 1559 2310 psroam,
1581 2238 1637 2289 aut
1657 2247 1718 2312 pro
1738 2227 1847 2295 vitiata
1866 2232 2046 2306 illaesam,

490 2334 545 2418 qui
568 2332 746 2416 ignobilem
766 2330 969 2392 incertorum
988 2327 1159 2390 stationem
1178 2345 1232 2388 oo·
1288 2330 1433 2412 magisve
1454 2328 1627 2409 integram.
1672 2329 1727 2390 Sio
1756 2350 1829 2393 oum
1857 2334 1916 2395 din
1946 2335 2045 2396 dubi·
2167 2313 2168 2316 Ἴ

490 2447 626 2516 capent,
655 2445 689 2493 at
713 2429 784 2506 diu,
812 2449 849 2491 ac
872 2430 959 2492 forte
984 2449 1116 2512 semper
1137 2447 1232 2491 ooou-
1287 2443 1430 2506 taretur,
1462 2449 1617 2512 quorsum
1645 2445 1755 2494 assent
1784 2434 1922 2499 vocandi
1948 2439 2041 2496 numi

488 2534 620 2618 pabuut.
654 2531 734 2615 Ejus
760 2531 828 2593 vitii
851 2549 965 2592 causae
991 2543 1065 2592 suut
1088 2530 1232 2612 complu-
1284 2530 1418 2613 quidam
1441 2531 1591 2618 inscripti
1616 2533 1687 2594 uolo
1712 2529 1763 2612 Σ,
1791 2535 1843 2599 vel
1864 2529 1953 2611 ΣΑ,
1980 2537 2044 2599 do·

488 2658 566 2714 res,
596 2634 663 2699 sire
693 2653 767 2696 oum
795 2632 862 2694 looi
887 2631 1003 2694 natalis
1032 2632 1232 2694 mentionem
1287 2631 1354 2694 onit
1377 2631 1519 2717 denique
1543 2631 1657 2695 similis
1679 2654 1794 2696 numus
1811 2637 2039 2700 Hunterianns

432 2808 434 2818 Ι
488 2739 585 2822 plone
607 2733 764 2810 reticent,
795 2753 860 2818 qno
889 2733 974 2796 malo
1003 2732 1093 2794 numi
1122 2731 1231 2815 operis
1286 2734 1438 2818 pleniore
1468 2732 1629 2798 vocabulo
1650 2729 1879 2815 ZAMIllN,
1904 2758 1946 2802 ex
1979 2741 2040 2802 Su-

487 2837 789 2923 pervetusti-saepe
812 2834 975 2911 laborant,
1001 2848 1055 2897 aut
1079 2854 1152 2896 oum
1178 2855 1230 2895 ur·
1287 2833 1428 2897 miorum
1455 2855 1514 2897 eos
1542 2833 1672 2899 officina
1699 2837 1893 2918 prodirisse.
1939 2838 2039 2901 Simi-

487 2941 539 3003 bis
559 2959 678 3002 nomeu
701 2938 797 3000 litera
815 2951 939 3000 tantum
955 2957 1019 3000 una
1035 2937 1161 2998 binisre
1176 2935 1230 2998 ab·
1286 2937 1330 2999 lia
1352 2939 1422 3019 ejus
1443 2936 1534 3001 modi
1554 2937 1705 3020 exemplo
1735 2939 1797 3000 slis
1825 2940 1944 3023 passim
1974 2963 2039 3025 per·

487 3043 644 3116 solvitur,
672 3041 974 3122 inscripto-tautum
997 3031 1146 3120 v.g.2,
1175 3037 1230 3098 rel
1287 3038 1351 3100 hoo
1388 3058 1470 3122 opus
1506 3051 1692 3103 occurrunt.
1742 3038 1832 3129 Quid
1867 3043 1956 3126 quod
1994 3045 2038 3108 ad

486 3141 572 3220 ΣΑ,
590 3157 644 3207 aut
664 3138 718 3220 (l),
736 3142 791 3206 rel
808 3135 894 3216 ΦΑ,
909 3141 1036 3204 scilicet
1053 3138 1160 3200 multis
1177 3158 1232 3198 ur-
1285 3139 1470 3204 nosoendos
1497 3160 1594 3207 veros
1620 3161 1794 3204 nemorum
1818 3145 1941 3207 natales
1963 3167 2037 3209 sae·

486 3247 581 3310 bibus
608 3245 648 3309 ab
675 3243 726 3305 his
754 3241 858 3304 literis
886 3239 1130 3324 incipientibus,
1159 3239 1227 3303 sire
1283 3263 1327 3327 pe
1360 3242 1485 3325 profuit
1513 3242 1655 3320 erudiri,
1693 3265 1755 3330 qua
1776 3244 1811 3306 in
1832 3247 1971 3328 regione
1993 3269 2035 3310 ao

487 3371 561 3414 oum
582 3349 671 3411 urhis
691 3366 812 3408 nomeu
834 3364 909 3404 oum
927 3343 1038 3405 multis
1054 3343 1126 3404 aliis
1142 3359 1229 3403 oom-
1284 3344 1402 3408 ricinia
1423 3344 1546 3424 majore
1568 3365 1707 3407 numero
1730 3347 1857 3409 soleant
1876 3350 2033 3431 reperiri.

486 3471 584 3515 mnne
602 3463 669 3525 est,
685 3466 794 3530 neque
811 3457 937 3506 certum
952 3443 1041 3505 aliud
1056 3442 1148 3504 adest
1166 3439 1231 3501 dis·
1284 3445 1331 3506 lta
1359 3463 1433 3506 oum
1459 3444 1536 3509 inde
1564 3467 1581 3509 a
1604 3446 1736 3509 Goltzio
1763 3449 1915 3511 omnibns
1943 3467 2035 3514 esset

486 3553 630 3627 crimen,
663 3550 716 3612 oui
742 3546 817 3608 urbi
843 3545 951 3627 potius
977 3563 1055 3629 prae
1083 3543 1146 3604 aliu
1172 3541 1229 3601 tri·
1280 3565 1490 3629 persuasum,
1514 3561 1689 3630 argenteos
1710 3549 1785 3610 satis
1813 3550 1926 3613 obvios
1953 3573 2036 3635 ope·

485 3651 635 3714 buendns
657 3649 698 3711 sit
717 3667 851 3721 numus,
882 3665 946 3728 quo
974 3645 1105 3706 nomine
1127 3662 1228 3726 nego-
1283 3647 1330 3708 ria
1359 3647 1564 3732 perantiqui,
1597 3649 1653 3732 qui
1685 3651 1863 3713 violentum
1894 3651 2034 3734 virginis

483 3753 567 3816 tium
587 3771 685 3834 saepe
706 3747 870 3810 facessunt
887 3748 993 3824 numi,
1020 3747 1075 3830 qui
1093 3743 1228 3826 Apollo·
1283 3761 1411 3831 raptum
1428 3749 1559 3826 sistunt,
1581 3770 1653 3813 esse
1671 3753 1829 3829 Lesbios,
1849 3773 1936 3817 nuno
1952 3756 2034 3818 satis

484 3857 577 3929 niae,
611 3874 649 3916 ao
676 3851 779 3913 multo
806 3850 927 3932 magis,
960 3848 1015 3933 qui
1043 3846 1226 3911 Heracleae
1283 3864 1428 3924 constat,
1459 3851 1493 3911 in
1515 3852 1741 3916 Macedoniam
1770 3873 1844 3917 esse
1872 3875 2033 3921 revocan-

483 3977 606 4020 nomen
634 3953 825 4034 inscriptum
853 3949 1015 4031 offeruut3
1052 3951 1122 4016 sive
1152 3969 1227 4016 cnm
1284 3952 1362 4030 dos,
1391 3951 1466 4040 quia
1486 3965 1595 4018 certos
1616 3953 1775 4018 habemas
1796 3968 1965 4033 suctores,
1995 3959 2031 4018 iu

483 4074 673 4146 temporum
691 4053 817 4140 injuriis
839 4054 945 4118 vexati
972 4074 1070 4117 exesa
1096 4053 1226 4138 penitus
1281 4055 1342 4119 huo
1362 4073 1419 4116 eos
1439 4054 1632 4138 frequenter
1648 4055 1762 4122 effodi.

483 4162 653 4228 literarum
674 4174 785 4245 parte,
814 4172 870 4220 ant
896 4158 1012 4221 saltem
1039 4159 1146 4221 attrita
1169 4155 1226 4219 du·
1344 4157 1471 4218 Horum
1493 4175 1556 4239 ope
1578 4157 1795 4223 subsidiorum
1818 4181 1891 4223 oum
1917 4162 2030 4224 multis

482 4267 568 4330 biam
597 4265 699 4330 oculis
728 4259 929 4346 epigraphen
951 4258 1104 4325 offerunt.
1142 4259 1228 4321 ntul-
1281 4278 1371 4323 suam
1390 4256 1524 4340 patriam
1542 4257 1761 4338 reddidimus,
1784 4263 1827 4325 ita
1850 4283 1948 4346 saepe
1970 4263 2031 4325 du-

483 4371 524 4431 tia
552 4367 682 4430 fortuna
707 4365 815 4442 dedit,
846 4376 901 4439 nt,
933 4385 1007 4428 oum
1036 4363 1090 4426 din
1120 4363 1225 4424 incer·
1280 4361 1418 4426 bitamns
1445 4359 1568 4438 adbuc,
1606 4376 1660 4424 ant
1690 4363 1787 4445 plane
1819 4365 2027 4448 ignoramus,

384 4498 392 4508 ·
483 4485 592 4535 torum
614 4489 731 4554 agmen
752 4481 930 4552 augerent,
960 4464 1110 4543 tandem,
1141 4465 1226 4546 cuja·
1281 4485 1377 4550 quam
1395 4482 1468 4526 esse
1488 4461 1529 4525 de
1547 4461 1657 4526 multis
1677 4449 1749 4528 aliis
1768 4465 1936 4529 serendam
1954 4487 2030 4530 seu·

483 4587 534 4636 tes
549 4585 676 4649 essent,
697 4569 959 4655 intelligeretur,
980 4569 1133 4632 nimirum
1151 4589 1225 4632 oum
1280 4567 1414 4630 tentiam
1431 4579 1593 4650 putemus.
1623 4566 1732 4629 Lubet
1750 4589 1851 4651 pauca
1869 4567 2028 4633 similium

483 4677 517 4738 iu
535 4675 644 4739 lucem
659 4673 830 4758 prodirent
849 4673 971 4735 similes
987 4671 1060 4750 alii,
1084 4671 1140 4758 qui
1158 4671 1228 4754 epi·
1280 4688 1454 4734 numorum
1472 4667 1621 4754 exempla
1638 4671 1801 4752 prolerre.

481 4778 630 4866 graphen
657 4777 797 4861 sliqnsm
825 4773 1001 4850 addidere,
1030 4789 1083 4840 eat
1110 4775 1224 4840 saltem
