4444 5558
489 583 535 653 52
649 582 653 592 ’
844 652 846 662 Ι
947 556 1102 631 Nvtat
1135 551 1582 628 ALEXANDRINI.

490 735 561 817 pis,
599 751 694 814 qnam
730 727 924 794 sententiam
958 725 1071 807 juvare
1105 721 1236 788 videtur
1292 720 1435 788 rator'em
1457 719 1775 797 ferreturmdlectu,
1802 718 2038 785 miraculorum

489 835 577 896 idem
592 831 796 906 Macrobius,
818 824 997 893 secuudum
1019 847 1117 909 quem
1139 823 1237 888 adsti·
1293 825 1412 900 etiam,
1435 844 1517 909 quae
1545 823 1592 886 ibi
1616 816 1875 900 commemorat,
1896 820 2041 886 celebri-

488 949 556 999 tuta
590 939 687 998 oanis
720 935 923 995 blandientis
965 927 1091 1013 ffgies
1116 929 1236 1010 futuri
1292 937 1359 990 tate
1381 924 1603 990 manifestasse
1619 931 1660 1008 c).
1704 925 1797 988 idem
1812 925 1943 1009 Sarapis
1962 943 2039 1006 per·

491 1038 648 1120 temporis
667 1035 819 1114 designat
839 1043 1008 1104 arentum,
1033 1033 1073 1092 de
1096 1046 1160 1107 aaa
1180 1046 1237 1087 no·
1292 1025 1449 1113 frequens
1474 1025 1629 1110 deinceps
1659 1026 1692 1089 in
1719 1025 1770 1089 lais
1798 1026 1905 1088 rumis
1931 1039 2037 1109 typus,

489 1139 541 1200 bis
568 1157 642 1218 spes
665 1135 745 1196 licet
769 1138 898 1194 incerta
923 1130 1115 1204 blanditur,
1146 1125 1234 1211 quod
1290 1147 1327 1192 ac
1366 1128 1530 1212 deniquae
1569 1127 1676 1193 DEO.
1711 1129 1927 1194 senatum.
1958 1127 2036 1193 rel:

490 1255 568 1302 sane
597 1235 630 1298 in
655 1233 774 1319 nuptiis
799 1230 917 1295 ominis
948 1229 1082 1294 modum
1109 1229 1233 1292 habere
1289 1227 1842 1296 DEO.sattcT0.ssnsPtn1.
1872 1229 1907 1292 in
1934 1229 2039 1293 minu·

489 1351 609 1422 potest.
638 1337 718 1400 Plus
734 1334 865 1400 confert
879 1313 1058 1408 Arisiidas,
1082 1331 1234 1416 qni'haec
1290 1329 1332 1393 tis
1359 1331 1471 1396 aeneis
1501 1331 1683 1418 imperante
1713 1333 1841 1398 Iuliano
1867 1329 2037 1398 desultore

490 1441 533 1506 de
551 1439 708 1524 Sarapide
726 1435 892 1521 praedicas
906 1437 951 1517 ·)=
973 1454 1118 1515 recasura
1134 1427 1170 1496 δι
1185 1455 1235 1494 aar
1292 1431 1438 1516 signatis.

489 1563 606 1606 narras
625 1541 707 1622 ζωωι
723 1555 873 1626 ‘putarer
887 1561 937 1600 aas
951 1545 1081 1616 reaper,
1105 1539 1184 1615 quin
1200 1547 1234 1596 et

490 1644 689 1706 animalium
709 1633 855 1702 omnium
874 1651 1007 1721 praeest
1024 1638 1236 1719 generationi
1585 1677 1600 1740 ι
1622 1675 1645 1742 8
1668 1677 1683 1740 ι
1704 1677 1727 1742 s

489 1761 520 1806 et
538 1745 715 1804 alimentis.
738 1742 875 1804 Praeest
892 1759 975 1822 ergo
991 1736 1161 1820 etunptiis
1179 1753 1235 1816 ge·
1600 1809 1604 1816 .
1729 1720 1739 1741 ’

487 1843 665 1908 noraticois
683 1863 778 1905 causa
800 1842 964 1904 institutis.
1357 1840 1466 1922 Caput
1478 1841 1581 1905 Isidis
1595 1863 1670 1906 cam
1687 1845 1756 1908 lato
1771 1843 1942 1926 incapite.
1974 1841 2037 1923 uy-

506 1967 509 1974 ·
551 1945 676 2006 Nomos
692 1945 764 2011 vlt.
788 1963 850 2027 per
870 1939 1082 2023 multiplicata
1102 1937 1235 2000 attribu·
1291 1960 1352 2022 pus
1369 1939 1494 2007 obvius.
1528 1973 1530 1980 1

487 2060 518 2110 ta
544 2045 753 2130 comprobat,
780 2045 868 2129 quod
894 2041 1058 2125 principio
1081 2039 1167 2115 dixi,
1199 2042 1234 2101 in
1355 2042 1422 2106 Isis
1447 2047 1585 2120 sedens,
1613 2045 1716 2106 etiam
1748 2045 1840 2107 intra
1871 2042 2037 2126 templum,

488 2147 645 2228 Sarapide
675 2161 733 2210 suo
754 2145 934 2229 Aegyptios
956 2142 1094 2205 deorum
1117 2158 1233 2223 agmen
1292 2139 1421 2204 Horam
1436 2144 1555 2210 lactat.
1599 2145 1710 2228 'l'ypua
1726 2143 1851 2210 obviae.

491 2249 619 2311 vidisse.
643 2247 699 2310 Sic
714 2247 796 2310 radii
813 2245 1043 2320 solem,cornu
1060 2240 1234 2305 arietinum
1358 2244 1465 2323 Caput
1485 2243 1589 2306 Isidis
1608 2247 1701 2307 iutra
1723 2265 1902 2310 concavum
1926 2247 2037 2313 haue.

489 2350 702 2423 Ammonem,
729 2343 1075 2436 trideuuNeptuunm,
1100 2362 1236 2425 serpen·
1292 2343 1464 2408 Commodi
1486 2357 1521 2408 et
1538 2363 1778 2411 successorum.
1884 2341 1891 2356 '

488 2463 539 2518 tes
556 2449 784 2532 Aesculapium
806 2445 936 2509 iaciunt.
967 2443 1134 2512 Creditum
1152 2465 1234 2509 vero
1355 2447 1424 2508 Isis
1438 2459 1533 2508 stans
1547 2447 1652 2508 simul
1660 2449 1796 2510 sistrum
1814 2460 1921 2526 terret,
1937 2451 2041 2514 simul

489 2571 622 2637 quoque
642 2550 742 2614 luisse
759 2546 1007 2630 Aesculapium,
1035 2545 1159 2609 diserte
1178 2545 1237 2609 do·
1293 2545 1598 2626 velum.e:aplicat,
1633 2550 1800 2612 adstitata
1826 2570 1924 2632 saepe
1950 2557 2041 2616 turri

491 2668 545 2717 cet
571 2651 703 2726 ll'acitus
727 2652 776 2733 b):
807 2652 903 2711 deum
928 2651 1035 2728 ipsam
1066 2646 1235 2732 (Sarapin)
1289 2647 1409 2730 plara.
1430 2643 1510 2710 lnde
1526 2647 1853 2734 aDomitiauotypus
1870 2650 2038 2738 frequens.

489 2758 591 2819 malti
613 2752 870 2832 Aesculapium,
898 2750 987 2829 quod
999 2751 1169 2811 medeatur
1184 2769 1239 2810 ac·
1360 2747 1481 2827 Capita
1509 2749 1631 2830 jugata
1663 2750 1838 2836 Sarapidis
1870 2754 2039 2818 erluidis.

488 2861 562 2938 gris
590 2853 780 2933 corporibus
799 2881 814 2900 ·
832 2883 847 2899 ·
866 2882 880 2902 ·
904 2850 1099 2926 conjectant.
1143 2845 1237 2941 Quae
1294 2845 1462 2915 Antonini.
1506 2849 1607 2930 (Mus.
1625 2850 1738 2933 Caes.)
1863 2905 1868 2914 .

491 2977 586 3021 eausa
610 2955 690 3029 luit,
728 2972 788 3016 car
811 2971 886 3015 eum
915 2948 1081 3014 Caracalla
1105 2969 1237 3036 quoque
1357 2949 1458 3044 Quod
1483 2950 1570 3014 inter
1592 2949 1673 3016 deos
1695 2973 1802 3020 mares
1827 2957 1863 3018 in
1887 2956 2040 3045 Aegypto

492 3057 610 3122 officiis
628 3055 864 3136 demerendum
882 3051 1031 3130 duxeris,
1051 3064 1087 3116 ut
1109 3052 1143 3115 iu
1166 3051 1237 3135 ejus
1295 3053 1443 3139 Sarapis,
1461 3052 1545 3117 illud
1561 3052 1648 3118 iuter
1661 3055 1798 3120 feminas
1813 3059 1873 3121 lais
1889 3062 2039 3145 antiquae

492 3159 599 3226 numia
616 3155 770 3222 Romania
787 3153 990 3219 docebimus.
1296 3157 1358 3224 des
1387 3155 1559 3241 prosapiae
1586 3170 1621 3222 et
1638 3157 1741 3222 -latoe
1775 3161 1939 3242 potentiae
1956 3206 1966 3239 ,
1998 3163 2040 3228 de

556 3259 661 3355 Quam
677 3257 847 3323 dicendam
865 3273 975 3342 putem
992 3258 1165 3321 mulierem
1181 3275 1250 3318 nm·
1296 3259 1389 3342 cnjus
1409 3258 1539 3324 fortuna
1560 3258 1726 3344 rebusque
1748 3261 1850 3345 gestis
1871 3261 1947 3328 vide
1966 3263 2043 3327 Plu·

492 3363 538 3428 mi
557 3364 732 3448 postremi,
759 3381 843 3445 quae
865 3371 962 3445 ca'put
978 3359 1142 3443 Sarapidis
1162 3359 1239 3420 des·
1296 3363 1445 3426 sarchum
1466 3361 1509 3424 de
1530 3359 1617 3423 iside
1641 3372 1675 3424 et
1691 3361 1844 3441 Osiride,
1866 3377 1901 3428 et
1918 3366 2044 3450 mytho·

493 3479 543 3529 tra
566 3463 729 3547 praefert,
751 3476 859 3524 atrum
881 3461 1020 3536 isidem,
1044 3481 1084 3522 on
1107 3458 1238 3541 genium
1296 3462 1393 3548 logos
1410 3461 1540 3544 passim.

495 3563 736 3638 Alexandriae,
776 3581 845 3624 non
880 3561 957 3622 satis
992 3560 1106 3644 liquet.
1150 3557 1240 3621 istud
1359 3563 1462 3626 Lotus
1490 3569 1688 3646 perpetuum
1714 3563 1809 3632 Isidis
1840 3568 2042 3648 attributum,

495 3679 639 3740 eertum,
672 3661 824 3746 placitum
853 3661 940 3724 hunc
967 3673 1078 3744 typum
1103 3659 1241 3722 Alexan·
1298 3677 1334 3730 et
1353 3663 1510 3749 frequens
1533 3662 1668 3730 adaecls
1692 3666 1815 3734 filiolas
1837 3671 1966 3751 Horas,
1988 3672 2043 3739 oui

497 3767 616 3842 drinio,
638 3765 713 3850 quio
730 3761 924 3846 maqnsnter
938 3761 973 3822 in
987 3761 1050 3826 bae
1066 3781 1239 3827 numerum
1297 3779 1460 3832 maternas
1484 3785 1578 3831 corsa
1600 3767 1771 3853 impendit.
1813 3773 1850 3835 ln
1870 3795 1971 3840 numo
1987 3779 2043 3843 111.

495 3869 600 3934 oleoso
618 3863 717 3930 redit·
997 3926 1005 3936 .
1298 3871 1396 3936 lunae
1421 3869 1575 3934 cornibus
1605 3870 1767 3953 ambitur,
1788 3894 1863 3947 nam
1886 3861 1922 3942 ut
1952 3879 2045 3944 Sars.

559 3973 595 4033 lu
615 3967 722 4032 numis
739 3965 931 4052 Vespasiani
947 3966 1082 4054 ejusque
1098 3965 1241 4033 familiae
1298 3973 1349 4060 pis
1365 3971 1435 4050 sol,
1457 3971 1505 4038 sio
1526 3973 1586 4038 luis
1614 3972 1689 4042 luas
1705 3975 1877 4062 Aegyptiis
1906 3979 2040 4049 credits.

453 4083 459 4095 ·
497 4071 680 4156 saepiussi
700 4069 825 4152 majore
850 4089 925 4133 eum
945 4069 1162 4136 ostentatione
1185 4071 1243 4136 Ss-
1299 4079 1336 4140 lu
1357 4095 1458 4140 numo
1479 4075 1536 4146 1v.
1564 4089 1656 4142 tenet
1679 4077 1837 4159 sistrum,
1867 4084 2043 4168 velumque

497 4174 653 4259 aspidem
667 4171 807 4258 proponi
826 4171 985 4238 ridemus.
1015 4172 1097 4258 Ejus
1113 4193 1241 4238 causam
1298 4177 1450 4264 explicat.
1493 4179 1554 4242 Est
1572 4178 1656 4244 liaeo
1678 4181 1736 4245 lsis
1757 4183 1895 4262 Phario,
1924 4204 2046 4271 propo-

499 4297 541 4341 ex
562 4277 677 4339 ‘liacito
693 4289 862 4352 tenemus,
883 4289 1055 4354 narrante,
1072 4276 1244 4360 Vespasia·
1299 4282 1362 4347 sits
1392 4281 1488 4346 etiam
1518 4295 1553 4344 et
1577 4281 1733 4366 inscripta
1761 4286 1869 4349 numia
1906 4289 2044 4352 Iuliani:

500 4403 577 4442 nom
599 4375 815 4441 Alexandriae
829 4375 908 4458 ejus
929 4377 1088 4460 templum
1118 4379 1243 4461 ingres·
1300 4383 1392 4449 tsts.
1414 4383 1581 4460 Fsttls„
1609 4383 1803 4468 inquorum
1828 4391 2046 4474 explicatione

501 4501 589 4556 sum,
610 4495 644 4542 as
661 4499 761 4562 super
779 4477 876 4540 rebus
898 4477 1028 4563 imperii
1044 4482 1243 4558 consuleret,
1301 4485 1448 4548 dabimus
1476 4505 1603 4550 cansam
1633 4487 1737 4565 sistri,
1768 4490 1854 4566 veli,
1884 4505 1918 4556 et
1948 4493 2049 4578 adpo-

497 4583 832 4663 doumsescrpsum,
864 4581 980 4666 quoin
1002 4601 1121 4644 noram
1142 4583 1244 4666 impe·
1300 4585 1382 4652 sitae
1406 4587 1509 4670 phari.
1551 4590 1588 4649 ln
1614 4609 1713 4654 numo
1734 4592 1775 4659 V.
1798 4594 1898 4658 bobes
1921 4596 2049 4680 Sarapi·

362 4735 367 4742 .
492 4727 2051 4762 ....,........--....-.-........,-,,.,,,,,,,,,,,,,,-,--

537 4795 568 4864 a)
590 4795 671 4848 ibat.
691 4789 721 4846 iu
738 4787 831 4864 Sarap
857 4807 889 4864 p.
908 4807 944 4843 m.
962 4801 1005 4852 55.
1081 4789 1110 4862 bj
1136 4789 1391 4856 tttsr.lv.c.ui.
1466 4815 1490 4864 c,
1517 4789 1832 4862 iiist.1V.c.8t.82.
1958 4815 1962 4821 ·
