4372 5556
514 534 589 615 roo
672 524 677 533 ’

494 661 498 668 ⁴
527 733 533 744 ·
562 701 668 773 ‘luter
679 711 807 757 numos
825 689 969 754 insertos
987 689 1158 771 hucusque
1188 689 1258 754 rut-

517 813 609 884 gatos
626 815 762 879 mugnus
787 804 838 854 est
860 799 1170 866 eorum'numerus‚
1192 792 1258 874 qui,

514 913 743 986 praeterquam
763 891 850 977 quod
870 890 986 972 exigua
1008 905 1161 974 appareat
1184 910 1258 972 spes

516 999 654 1065 eruendi
679 993 793 1058 natalis
820 1013 934 1054 eorum
962 991 1042 1067 soli,
1074 993 1170 1053 etiam
1194 992 1272 1088 hoo!

515 1102 656 1183 denique
679 1095 811 1177 cognito
832 1091 1031 1175 philologiae
1053 1094 1190 1167 causis,v
1206 1091 1274 1178 (ςιιίἑ

514 1204 572 1268 uni
600 1200 722 1263 nostris
757 1195 808 1256 his
838 1193 951 1256 studiis
985 1193 1133 1269 litamus,
1164 1193 1258 1269 nihil,

481 1337 484 1346 ⁴
515 1319 570 1372 ant
589 1318 766 1388 perparum
786 1293 992 1378 prodessent.
1028 1295 1191 1386 Quocirca
1211 1294 1260 1356 ni·

513 1407 578 1469 mia
593 1402 788 1479 mihi·seepe
803 1395 871 1460 visa
886 1409 937 1458 est
953 1395 1120 1479 diligentia
1131 1416 1256 1472 eorum,

514 1510 571 1594 qui
602 1517 776 1586 tantopere
807 1495 965 1559 desudant
996 1498 1030 1558 in
1058 1496 1257 1581 reperiunda

513 1607 667 1672 similium
701 1618 874 1664 numerum
912 1597 1034 1682 patria,
1065 1612 1099 1663 et
1137 1613 1257 1682 augent

514 1710 718 1794 conjecturas
735 1699 949 1784 conjeotnris,
971 1701 1118 1783 operosis
1135 1701 1174 1762 iis
1189 1701 1258 1782 qni.

513 1813 611 1886 dem,
641 1806 698 1872 sed
722 1823 817 1878 suns,
847 1815 882 1863 ut
904 1821 1041 1864 necesse
1063 1816 1130 1877 est,
1157 1803 1258 1865 inani·

510 1915 593 1988 bns,
616 1929 690 1974 oum
712 1903 899 1974 meminisse
921 1916 1114 1984 oporteret,
1144 1903 1257 1966 corda.

511 2029 580 2080 tum
597 2026 760 2099 quemque
774 2006 934 2070 lectorem
948 2003 1150 2089 pertinacem
1168 2004 1201 2064 in
1217 2023 1255 2070 re

964 519 1123 596 tttlmt
1155 519 1333 594 VRBB..
1357 517 1598 594 INCERT.

1314 686 1383 750 levi
1410 689 1653 752 contentionem
1680 689 1844 764 aversani,
1873 711 1982 776 neque
2012 693 2061 754 illi

1316 788 1438 850 certius
1467 771 1585 867 illudi.
1624 812 1719 874 quam
1751 810 1825 854 enm
1862 793 2060 875 conjecturis

1313 889 1437 952 nullius
1465 891 1575 953 meriti
1601 890 1753 956 ludimus.
1805 893 1888 954 Cum
1912 913 1980 957 non
2008 896 2062 958 sd-

1315 1003 1390 1052 sunt
1418 1007 1528 1056 certae
1558 993 1732 1056 adserendi
1762 1013 1900 1071 causae,
1937 997 2061 1080 opinio·

1315 1113 1392 1155 nem
1413 1107 1556 1156 nostram
1579 1108 1632 1158 aut
1653 1093 1783 1178 paucis,
1806 1108 1840 1158 et
1858 1095 1940 1160 eitra
1960 1101 2060 1182 perti·

1314 1193 1437 1276 naniam
1455 1195 1676 1272 absolvemus,
1698 1209 1752 1260 aut
1765 1198 1991 1280 permittamus
2005 1201 2059 1264 ali-

1316 1294 1394 1377 quid
1410 1297 1612 1378 posteritati,
1636 1318 1718 1382 quae
1741 1297 1914 1380 aliqnando
1937 1303 2058 1366 sertim

1315 1417 1352 1460 so
1375 1397 1481 1459 miuus
1504 1417 1644 1480 operose
1665 1398 1822 1481 judicium
1843 1422 1937 1464 sunm
1966 1424 2061 1487 pera·

1316 1513 1397 1583 get,
1428 1509 1522 1583 capto
1549 1500 1636 1562 forte
1658 1499 1779 1564 indicio
1802 1520 1844 1564 ex
1874 1501 1974 1578 loco,
2006 1509 2062 1590 qui

1315 1620 1372 1662 eos
1386 1599 1510 1682 majore
1526 1621 1665 1668 numero
1684 1613 1853 1664 externae
1875 1604 1949 1665 sinu
1966 1610 2060 1669 emit·

1314 1701 1372 1776 tit,
1395 1700 1481 1782 qnod
1503 1702 1657 1784 profecto
1682 1701 1915 1766 validissimum
1941 1721 1992 1769 est
2014 1729 2063 1770 ar-

1315 1815 1524 1885 gamonium,
1556 1825 1631 1870 enm
1656 1803 1691 1866 in
1718 1823 1898 1868 numornm-
1923 1811 2062 1890 patriam

1313 1902 1517 1987 inquirimus.
1890 1926 1894 1938 ·
