4372 5556
724 547 1088 624 ZEVGI'I'ANA.
1606 563 1675 638 lltd

136 721 248 784 Latina
267 720 362 784 etiam
381 719 422 784 ab
447 717 599 798 urbibus,
621 737 704 806 quae
728 715 876 783 coloniae
996 717 1048 780 Ex
1063 716 1114 780 bis
1131 719 1208 783 satis
1223 733 1372 804 apparat,
1389 741 1504 784 numos
1517 721 1578 784 bos
1594 719 1678 803 spia-

134 842 200 886 non
218 821 322 886 fuere.
702 845 709 854 ·
934 815 977 878 eis
997 817 1101 882 adhue
1121 819 1265 882 tenebria
1280 822 1415 887 involvi.
1457 822 1608 886 Idunum
1629 823 1680 884 itt·

935 915 1113 982 dubitatum
1128 921 1208 982 mihi
1223 921 1366 1000 ridetur,
1382 921 1676 1007 quomodocunque

933 1019 1023 1080 urbia
1045 1021 1145 1104 ipsius
1165 1023 1343 1107 epigraphe
1366 1023 1504 1108 legenda
1526 1036 1594 1100 est,
1617 1043 1677 1087 eor

136 1067 248 1134 radam
279 1067 517 1151 aggrediamur.
568 1063 643 1156 Quo
671 1065 753 1127 banc
776 1061 876 1178 malit,
934 1123 1676 1208 incompecfiooealiquaejumgpomrhg

134 1183 360 1256 argumentum
377 1169 409 1232 ei
426 1165 637 1232 fortissimum
657 1165 792 1248 praebet
811 1184 878 1246 epr-
935 1225 1096 1306 sigmm'
1120 1223 1209 1308 quod
1230 1238 1338 1287 ,men
1360 1245 1402 1287 οι
1422 1224 1549 1292 indiciis
1568 1225 1680 1289 baete.

135 1299 260 1384 dl⁸P¹¹⁰
280 1298 368 1362 Μή
388 1301 420 1362 5·
453 1263 530 1408 ῗΑΡ
564 1299 644 1360 Nm
677 1317 741 1380 ‘1¹²⁰
772 1294 877 1357 mim
935 1325 1110 1410 nnalnotia
1146 1323 1254 1387 decidi
1288 1326 1342 1390 rix
1370 1327 1501 1408 poterit.
1545 1328 1679 1390 Poatre·

132 1429 231 1494 litera
254 1429 279 1492 C
302 1431 387 1512 posit
407 1442 522 1494 notare
545 1423 796 1508 Carthaginem,
824 1434 879 1484 aut
937 1445 1023 1487 mum
1045 1423 1199 1504 adverto,
1222 1425 1310 1508 quod
1332 1425 1419 1490 sorte
1439 1427 1677 1510 prodesse-ho·

134 1527 252 1592 urbem
271 1531 365 1595 aliam
387 1532 428 1594 ab
449 1531 514 1594 boc
536 1531 701 1592 elemento
723 1524 879 1608 incipien-
935 1547 1008 1588 rum
1035 1546 1207 1587 nemorum
1236 1526 1410 1608 explicatui
1438 1529 1562 1610 possit,
1589 1530 1677 1590 Mer·

134 1646 227 1708 tam,
267 1631 350 1694 illud
383 1632 500 1694 obesae
531 1641 645 1714 putat,
681 1625 770 1710 qnod
806 1644 879 1687 rara
936 1628 1061 1690 curium
1087 1625 1204 1690 eodem
1231 1627 1329 1690 modo
1357 1627 1526 1691 sedentem
1548 1643 1676 1694 exstare

135 1745 211 1796 aunt
232 1732 403 1816 exempla,
431 1751 505 1796 cnm
532 1729 608 1793 nrbi
637 1727 724 1791 tituli
749 1725 881 1788 bonori-
935 1729 969 1790 in
991 1727 1090 1792 certis
1109 1729 1213 1789 numia
1230 1728 1394 1794 Panormi.

136 1834 192 1896 lioi
224 1833 408 1910 adduntur,
444 1831 537 1895 urbis
554 1829 757 1898 ¹vocabulum
787 1845 879 1910 prae·
999 1829 1096 1918 Quod
1121 1829 1161 1892 ad
1180 1829 1409 1912 inscriptorum
1432 1831 1677 1916 magistratuum

135 1933 276 2012 cedere,
306 1933 399 2022 sequi
420 1932 550 2008 titulos,
580 1951 654 1996 oum
680 1929 878 1994 eontrarium
934 1930 1111 1994 lectionem
1127 1929 1257 2008 attinet,
1276 1933 1613 2010 animadvertendum,
1630 1934 1677 1996 le·

136 2035 211 2099 lere
238 2047 427 2098 onustantur
452 2034 486 2096 in
514 2055 574 2098 nan
602 2033 712 2096 fuerit.
756 2031 879 2094 Seoua·
934 2051 972 2094 ne
1001 2033 1035 2092 in
1065 2032 1214 2094 omnibus
1244 2035 1347 2098 citatis
1378 2049 1453 2120 poet
1482 2035 1676 2101 vocabulum

136 2133 213 2200 dum
237 2135 319 2198 banc
341 2138 450 2220 legem
472 2136 516 2200 ait
536 2133 673 2218 primam
694 2132 821 2196 literam
839 2132 875 2194 C.
934 2132 1120 2198 PROCOS.
1150 2153 1327 2199 occurrere
1357 2137 1487 2200 literam
1516 2137 1564 2214 C,
1593 2153 1676 2222 qnae

133 2251 249 2302 notare
271 2238 466 2314 Coloniam,
488 2237 512 2299 l.
530 2237 672 2312 Iuliam,
702 2253 876 2317 superesse
928 2255 1030 2319 quam
1045 2236 1132 2299 varie
1147 2259 1165 2298 a
1179 2235 1258 2300 viris
1270 2234 1405 2301 eruditis
1420 2238 1550 2321 expleta
1564 2238 1678 2316 fuerit,

135 2339 240 2417 adeo,
260 2354 304 2403 xut
325 2361 361 2400 ro
383 2337 454 2400 Pa,
478 2335 592 2400 urbem
615 2337 716 2422 ipsam
739 2337 879 2414 indicet,
937 2358 1033 2420 anpra
1058 2335 1206 2401 vidimaa.
1264 2336 1498 2417 indubitatem,
1532 2360 1606 2403 eam
1630 2338 1707 2404 ad‘

134 2461 199 2528 qno
226 2442 358 2505 nomine
380 2460 454 2503 cnm
477 2440 511 2499 in
539 2455 580 2501 eo
609 2451 714 2501 tractu
744 2451 875 2521 praeter
932 2457 1072 2522 sequena
1107 2439 1310 2521 magistratus
1342 2459 1461 2502 nomen
1496 2441 1676 2524 pertinere,

133 2542 290 2608 Paradam
307 2543 407 2604 Hirtii
428 2541 490 2604 alia
511 2561 576 2604 non
597 2539 716 2615 suerit,
738 2559 874 2603 necesse
931 2561 969 2604 ac
991 2553 1059 2602 tum
1080 2539 1259 2604 verisimile
1282 2552 1353 2616 ast,
1387 2561 1458 2604 eam
1490 2543 1674 2626 significare

133 2646 259 2722 rideri,
288 2644 365 2708 buic
388 2641 444 2706 ani
467 2640 527 2703 bos
556 2662 671 2705 nomos
693 2639 876 2724 adjudican-
933 2641 1097 2719 curante,
1131 2642 1177 2705 sic
1199 2655 1235 2708 ut
1262 2640 1461 2727 singularum
1492 2645 1675 2728 inaeriptie·

134 2747 205 2814 dos.
243 2746 354 2808 Facile
370 2744 404 2806 in
420 2742 593 2805 Pellerinii
609 2743 802 2806 sententiam
820 2741 876 2805 da·
931 2763 1009 2805 unm
1028 2763 1141 2806 sensus
1161 2743 1223 2806 sita

136 2847 347 2920 scenderem,
369 2847 396 2906 si
417 2843 452 2904 id
467 2842 620 2924 oppidum
638 2843 690 2906 rel
707 2843 875 2906 mediocre
993 2847 1031 2905 ln
1049 2845 1154 2906 numia
1170 2863 1188 2907 a
1207 2857 1241 2908 et
1253 2853 1275 2921 4
1289 2845 1436 2911 Curcnte
1448 2849 1568 2911 Publio
1582 2847 1673 2911 CAS.

138 2948 271 3034 aliquod
309 2965 427 3008 nomen
465 2943 639 3006 babuisaet.
682 2945 714 3004 A
744 2944 875 3007 nemine
933 2945 1106 3029 (qnodeat
1126 2965 1187 3027 pro
1206 2947 1673 3032 Casccantalioocgnomine

136 3064 364 3136 praeterquam
391 3045 562 3107 ab·Hirtio
590 3057 808 3118 memoratur,
830 3043 878 3105 id·
933 3046 1061 3127 ignoto)
1083 3046 1223 3108 Decreta
1238 3048 1476 3114 macariorum.

136 3171 201 3240 qua
224 3134 346 3214 tantum
366 3168 425 3232 per
446 3145 669 3221 caanmbelli,
692 3165 756 3228 qno
779 3165 876 3229 saepe
1018 3149 1055 3206 In
1088 3145 1195 3208 numia
1223 3147 1300 3212 det
1327 3165 1358 3228 7.
1389 3148 1534 3212 curante
1554 3150 1674 3214 Publio

136 3258 209 3320 loca
246 3249 475 3315 obscurissima
512 3247 620 3309 solent
653 3246 874 3312 innotescere.
932 3245 1082 3315 catto.
1105 3247 1239 3309 CAScn.

136 3361 253 3420 Narrat
270 3352 375 3428 enim,
397 3349 559 3432 Scipionis
577 3347 704 3431 equitet
725 3367 765 3410 ex
783 3367 877 3430 prae·
995 3351 1032 3410 Io
1047 3367 1147 3410 nnmo
1161 3349 1192 3412 5.
1208 3347 1354 3410 carente
1365 3349 1690 3436 sextat’ottpejo,

134 3461 180 3521 lio
196 3455 354 3542 profugos
372 3449 564 3534 pervenisse
584 3447 626 3512 ad
647 3449 801 3532 oppidum
817 3450 877 3510 Pa·
930 3450 986 3517 vel
1008 3448 1203 3534 POMponio
1223 3448 1377 3514 CELSO.

133 3559 244 3624 radam
267 3562 307 3636 ¹).
350 3554 474 3620 Veram
497 3571 536 3613 an
558 3549 737 3627 credibile,
759 3570 876 3614 numos
1004 3552 1089 3614 Huic
1127 3551 1334 3632 coniecturae
1369 3549 1479 3615 lucem
1509 3563 1674 3634 praestant
1722 3558 1730 3572 “

134 3679 198 3728 tam
218 3661 384 3734 illustres,
414 3668 448 3716 et
466 3651 597 3715 maximi
620 3651 716 3714 etiam
738 3651 874 3730 moduli,
928 3654 1020 3716 numi
1036 3652 1403 3732 obriieicinathicae,
1423 3653 1673 3738 inquibuspcat

134 3763 271 3828 eximiae
288 3761 383 3824 etiarn
404 3755 566 3832 fabricae,
589 3767 623 3818 et
642 3755 784 3838 anperbo
798 3773 875 3840 pro·
928 3776 1050 3819 nomen
1071 3754 1275 3838 proconsulis
1296 3754 1415 3836 passim
1439 3754 1563 3838 legitur
1582 3777 1614 3822 r.
1630 3757 1670 3840 g.

132 3864 276 3930 consulis
293 3859 424 3922 nomine
443 3857 589 3938 insignes
608 3856 641 3916 in
662 3856 802 3920 obacnro
817 3876 874 3938 op·
929 3861 971 3924 Δ.
987 3860 1033 3921 bl.
1052 3855 1303 3936 GEMELLVS.
1326 3856 1364 3917 F.
1387 3856 1446 3932 C.‚
1473 3856 1516 3918 de
1536 3877 1672 3940 quarum

133 3966 210 4052 pido
227 3965 388 4046 signatos,
410 3979 483 4022 cnm
502 3957 593 4020 inea
610 3977 667 4021 ora
689 3971 798 4022 essent
820 3979 873 4022 nr·
929 3962 1097 4032 literarum
1131 3956 1291 4041 probabili
1319 3955 1554 4041 significatione
1583 3961 1670 4042 ride,

41 4081 51 4096 ·
133 4072 192 4132 bea
217 4065 361 4129 illuatres
391 4061 576 4143 Carthago,
596 4059 712 4136 voca,
739 4060 873 4144 Hippon
930 4082 1013 4148 qaae
1030 4061 1078 4124 ibi
1094 4059 1255 4124 dicentur.

130 4183 196 4254 ¹etc.
217 4167 252 4228 in
272 4164 387 4250 qnibns
401 4173 535 4224 moneta
557 4162 798 4244 proconsularia
817 4183 873 4226 cu·
1183 4207 1204 4246 ,
1289 4159 1309 4198 *
1388 4207 1412 4245 ,

198 968 265 1030 lam
287 985 367 1031 vero
393 963 433 1028 sd
459 963 631 1028 Pellerinii
659 981 788 1048 quoqne
817 959 878 1022 Pa·

133 4272 277 4334 deretnr.
300 4264 454 4337 Accedit,
469 4263 497 4326 si
510 4263 639 4326 colonia
652 4263 728 4340 luit,
749 4276 785 4325 nt
798 4283 873 4326 can·
993 4261 1091 4327 Numi
1113 4275 1289 4346 sequentes
1304 4260 1345 4323 ab
1360 4262 1391 4324 8.
1407 4283 1509 4349 usqne
1528 4277 1577 4346 tq.
1594 4292 1671 4354 pro·
1788 4347 1791 4352 ¹

132 4365 408 4443 setPellarinina,
426 4378 459 4428 et
475 4363 607 4450 quidem
624 4364 757 4446 alicujus
771 4365 874 4428 nomi·
928 4380 1003 4451 pter
1028 4383 1160 4432 aversae
1184 4362 1296 4425 literae
1318 4382 1433 4428 rerum
1458 4381 1533 4430 sunt
1559 4374 1669 4457 aenig.

131 4477 200 4549 nia,
223 4469 310 4555 quod
333 4465 493 4550 praeclari
515 4465 550 4527 bi
574 4465 664 4527 nnmi
685 4479 872 4551 arguerent,
929 4491 1000 4546 ma,
1034 4463 1122 4552 qnod
1154 4478 1325 4549 antequam
1356 4465 1427 4550 qnia
1448 4468 1578 4537 solvere
1601 4487 1672 4537 ten.

98 4585 102 4592 '
122 4597 191 4640 our
206 4595 224 4636 a
242 4567 438 4658 geographia
451 4565 673 4651 praeteritur?
927 4583 995 4648 tot,
1017 4582 1143 4635 centnm
1159 4586 1233 4631 esse
1251 4579 1436 4649 oporteret,
1457 4570 1563 4638 sintne
1580 4575 1670 4659 ipssa

66 4733 80 4746 --
166 4786 197 4855 a)
217 4777 292 4838 Bell.
307 4774 400 4836 Atrio.
420 4795 447 4836 e·
461 4783 506 4842 d?-
