4372 5556
490 488 570 597 ‘tao
1100 508 1454 588 eremitica.

491 660 623 748 'citare
657 679 827 752 enom.
844 681 949 750 KTP.
977 681 1154 764 silphium.
1174 682 1245 746 ΑΕ.
1303 691 1409 745 manta
1432 675 1598 753 offerunt,
1627 675 1728 740 multa
1746 663 1896 742 ridemur
1916 675 2068 762 prctlita

505 785 697 868 (spanheim
720 791 759 852 Τ.
777 789 802 850 1.
824 809 857 868 p.
873 786 960 867 unc.)
1089 812 1100 830 ·
1289 775 1495 855 arbitrario,
1517 764 1788 844 mulu'ridicnle.

583 891 688 952 Aries
716 889 873 969 Libycus.
909 884 943 978 ’,ἶ
979 877 1248 946 ΒΑΣΙΛΕΩΣω
1312 939 1315 947 ,
1364 881 1445 970 ΛΕ.
1464 880 1606 946 RRRR.

502 981 836 1050 l'lTOAEMAlO'I'.
863 985 996 1063 Aquila
1003 987 1149 1069 fulmini
1166 987 1249 1047 insi-
1311 1029 1315 1034 -

503 1099 606 1149 alenc·
648 1086 1124 1169 AE.(Haym.T.1t.p.u7.)
2002 1169 2008 1181 ι

575 1187 741 1248 Hactenus
770 1185 878 1249 nulloa
907 1186 1097 1248 Ptolemaeo
1124 1183 1250 1267 Apioni
1308 1233 1312 1240 .
1366 1183 1434 1250 111.
1452 1181 1557 1250 Nacti
1578 1182 1782 1268 Cyrenaicae
1802 1182 1995 1244 Romanae.

505 1305 620 1347 numoa
641 1284 780 1348 tributor
808 1286 927 1362 video,
959 1284 1019 1349 aed
1043 1307 1108 1348 non
1127 1306 1247 1351 vereor

506 1385 697 1463 adfirmare,
727 1387 776 1448 illi
802 1387 837 1448 in
859 1399 1050 1472 utrumqne,
1072 1408 1169 1470 quem
1194 1407 1247 1451 co·
1367 1383 1505 1448 Romani
1520 1382 1704 1448 Ptolemaei
1718 1382 1855 1468 Apionia
1872 1394 2065 1472 testamen·

503 1507 571 1548 ram
594 1488 776 1570 propoaui,
806 1487 857 1569 jue
883 1508 966 1551 eoae.
1008 1489 1131 1549 Eorum
1155 1486 1248 1571 prior
1304 1497 1338 1548 to
1354 1485 1431 1546 inde
1452 1485 1492 1547 ab
1514 1506 1598 1547 anno
1614 1487 1655 1552 V.
1675 1486 1711 1547 C.
1731 1487 1804 1551 068.
1848 1485 2062 1568 Cyrenaicae

505 1608 566 1672 per
584 1593 694 1670 t'ypnm
719 1588 829 1671 silphii
850 1588 1045 1672 Cyrenaicus
1072 1603 1164 1650 corto
1187 1600 1247 1663 eat,
1302 1584 1464 1649 haeredes
1494 1607 1559 1649 non
1589 1600 1696 1650 tamen
1720 1586 1873 1649 continuo
1898 1585 2063 1648 haeredi·

506 1709 544 1752 ac
566 1695 633 1750 tu‘m
665 1689 805 1752 dubitari
833 1691 965 1774 nequit,
996 1704 1092 1774 caput
1121 1691 1246 1764 antioae
1302 1699 1400 1749 tatem
1426 1686 1558 1751 adivere
1583 1689 1739 1770 permista
1769 1687 1899 1752 interim
1923 1686 2061 1772 populo

504 1791 615 1854 arietia
634 1810 737 1854 cornu
751 1803 900 1854 canatum
918 1810 990 1856 esse
1003 1791 1155 1874 Apionis,
1172 1811 1247 1852 nam
1304 1786 1478 1864 libertate,
1501 1808 1562 1871 qua
1583 1808 1655 1851 cunt
1677 1787 1705 1850 is
1726 1801 1839 1871 pacate
1868 1789 1915 1852 uti
1941 1785 2062 1852 nesci·

505 1906 539 1956 et
563 1883 693 1975 ¹Magum
722 1889 840 1954 eodem
871 1894 1005 1955 cultum·
1023 1890 1124 1956 morlo
1150 1910 1247 1972 cupra
1303 1900 1372 1964 ret,
1395 1888 1603 1970 Cyrenaicum
1625 1889 1658 1949 iu
1680 1888 1879 1971 provinciana
1906 1889 2059 1973 redege-

505 1995 540 2056 in
560 1994 743 2076 amethysto
772 1993 873 2055 Ducit
892 1992 1137 2056 Aurelianensis
1166 1990 1249 2054 ridi·
1302 2003 1397 2065 runt,
1413 1973 1446 2052 el
1456 1989 1573 2051 Cretae
1588 1989 1808 2070 conjunctam,
1831 2010 1913 2073 quae
1929 1989 2057 2054 cadem

504 2117 585 2158 mua.
630 2095 737 2156 Etiam
768 2114 884 2155 numua
911 2094 995 2156 alter
1020 2112 1081 2177 per
1109 2091 1246 2154 arietem
1302 2105 1495 2174 tempestate
1517 2093 1738 2154 Romanorum
1769 2079 1885 2175 jugum
1914 2091 2055 2166 subivit,

503 2196 656 2259 umbrosa
681 2191 782 2257 cautla
804 2195 1014 2276 conspicuum
1038 2193 1246 2273 Cyrenaicum
1302 2193 1509 2274 propraetori
1522 2191 1806 2255 administrandam
1821 2191 1945 2257 dedere
1954 2195 1999 2260 V.
2014 2193 2054 2258 C.

505 2298 574 2360 olet
597 2293 775 2357 seeundum
798 2312 856 2368 ca,
878 2314 960 2377 quae
978 2295 1062 2357 inira
1083 2293 1124 2356 ad
1144 2295 1248 2356 Hera·
1303 2293 1396 2368 cili,
1427 2311 1508 2375 quae
1528 2295 1634 2355 omnia
1654 2293 1788 2356 uberiua
1805 2294 1951 2378 exposita
1964 2283 2053 2378 ‚ride

507 2397 611 2459 clenna
642 2394 865 2477 Cyrenaicae,
901 2396 990 2458 etin
1017 2397 1122 2456 numia
1148 2396 1247 2477 Cyre·
1303 2391 1387 2476 apud
1423 2393 1595 2476 Belleyttm
1624 2396 1665 2476 ¹).
1728 2394 1894 2457 Habemus
1931 2416 2054 2458 numos

505 2498 616 2560 unicae
658 2497 824 2556 Romanae
873 2485 1086 2560 monebimus.
1130 2497 1245 2580 Neque

505 2618 586 2662 vero
610 2611 704 2681 typus
723 2593 837 2658 similia
859 2595 892 2656 in
917 2596 1043 2673 numia,
1074 2618 1154 2680 quoa
1176 2617 1248 2660 eer-

505 2714 539 2762 lo
562 2709 689 2762 constet
710 2697 744 2758 in
765 2698 915 2779 Aegypto
937 2696 1100 2779 aignatoa,
1132 2717 1247 2761 occur-

489 2793 560 2865 rit.
602 2799 647 2861 Et
676 2817 758 2862 vero
789 2796 948 2859 credibile
979 2809 1049 2873 eat,
1073 2799 1245 2881 Apioncm,

505 2901 561 2986 qui
583 2920 683 2962 annos
704 2897 791 2962 xtx.
814 2898 1011 2982 Cyrenaicae
1039 2901 1130 2982 regia
1155 2915 1248 2983 pote·

506 3013 587 3065 alate
611 2999 769 3085 praefuit,
792 3020 882 3061 ruam
900 2998 1049 3062 habuisse
1071 3013 1245 3064 monetam.

507 3101 611 3178 Nori,
624 3102 665 3163 in
687 3121 786 3164 nomo
805 3120 846 3162 ex
866 3099 1036 3185 descriptio
1056 3102 1161 3185 primo
1181 3121 1247 3164 uon

507 3202 675 3288 agnituros
700 3215 795 3286 caput
811 3202 947 3285 Apionis
970 3203 1068 3280 illua,
1096 3206 1152 3288 qui
1178 3203 1247 3288 ejua

494 3297 596 3388 ¹regia
625 3317 847 3367 censenteaae
876 3305 980 3389 capita
1008 3305 1162 3387 juvenilia
1198 3326 1250 3370 ca·

506 3405 595 3488 pillia
617 3405 650 3464 in
679 3403 846 3468 cincinnos
868 3407 986 3471 volutio
1016 3419 1049 3468 et
1079 3407 1250 3489 pendenti·

505 3505 586 3579 bar,
609 3522 691 3587 quac
714 3519 788 3566 aunt
807 3505 842 3566 in
866 3507 1002 3587 gemmis
1026 3519 1059 3568 ct
1081 3509 1250 3569 marmori·

507 3605 585 3678 itur,
607 3603 711 3666 aecuti
730 3623 849 3686 nempe
873 3605 1039 3669 oraculum
1057 3606 1165 3669 Fulvii
1186 3610 1249 3675 Vr·

491 3703 592 3779 'aini,
623 3704 713 3786 cujus
741 3702 861 3767 deinde
893 3725 1048 3789 aequacea
1079 3713 1278 3770 enumerat‘

506 3817 621 3869 auctor
641 3823 818 3886 anonymus
840 3805 945 3869 Tomo
961 3807 985 3867 1.
1012 3807 1248 3892 Antiquitatum

505 3925 679 3970 aerearum
707 3904 884 3970 Herculan-
913 3928 946 3989 p.
967 3926 1041 3971 aot.
1091 3910 1135 3971 At
1160 3911 1249 3974 culm

505 4003 614 4072 tretlat
640 4005 821 4069 refutandi·
852 4004 902 4068 hia
928 4007 1072 4076 virorum
1104 4013 1248 4080 erudito.

505 4129 581 4171 rum
603 4107 645 4170 tie
667 4106 729 4170 hoo
751 4107 886 4190 Apionis
907 4108 1012 4192 capite
1041 4111 1170 4191 jndiciia
1200 4117 1248 4177 in.

506 4209 662 4284 haerere,
692 4221 729 4270 ut
749 4210 901 4272 univerae
924 4210 958 4270 in
980 4211 1172 4278 deliniendis
1198 4237 1247 4280 ca·

507 4309 626 4398 pitibur
647 4307 830 4388 illiteralir,
859 4331 940 4396 quac
963 4323 1110 4378 velerum
1136 4337 1247 4382 monn·

1304 2494 1498 2576 Cyrenaicos
1528 2494 1732 2578 ntagirtrutua
1761 2497 1801 2558 R.
1830 2497 1963 2560 nomine
2001 2499 2053 2558 in-

1303 2596 1441 2680 scriptos
1458 2615 1530 2656 cum
1544 2595 1678 2660 Latinos
1685 2640 1694 2694 2
1710 2609 1777 2658 tum
1794 2595 1951 2674 Graecos,
1967 2619 2053 2680 quo-

1302 2716 1375 2775 rum
1414 2697 1600 2778 complures
1641 2698 1745 2762 edidit
1778 2697 1975 2763 Pelleriniua
2003 2697 2051 2784 ¹¹),

1303 2816 1385 2880 quoa
1406 2796 1465 2858 tibi
1487 2796 1541 2858 hic
1563 2798 1653 2860 cisto.

1367 2897 1402 2962 S.
1439 2893 1568 2980 CATO,
1599 2901 1691 2962 intra
1715 2899 1875 2984 lauream.
1910 2895 1936 2959 Ξ
1964 2899 2049 2963 Sina

1303 2999 1488 3082 epigraphe.
1510 2998 1781 3082 AricsLa'bycus.
1802 2998 1874 3060 Ata.
1884 3001 1938 3068 111.
1956 3001 2051 3084 (Pel-

1303 3100 1400 3166 larin.
1422 3099 1446 3162 l.
1465 3099 1510 3180 c)

1369 3203 1402 3266 S.
1421 3198 1552 3264 CATO.
1568 3199 1637 3263 PR.
1661 3199 1753 3262 Sella
1769 3201 1906 3264 curulis.
1927 3195 2054 3284 ΞΕρί·

1303 3305 1428 3386 gruphe
1443 3315 1477 3364 et
1499 3311 1600 3383 caput
1616 3300 1779 3383 Augusti.
1801 3301 1872 3367 Art.
1882 3303 1924 3380 11,
1944 3305 2048 3386 (lina.

1305 3404 1415 3485 Cuea.)

1369 3505 1403 3568 S.
1421 3502 1549 3565 CATO.
1566 3500 1755 3566 PROCOS.
1777 3505 1870 3566 iatrc
1887 3505 2050 3570 laureum.

1305 3601 1330 3665 Σ
1346 3603 1535 3688 Epigrcplzc
1552 3615 1586 3665 et
1601 3607 1714 3684 cupita
1730 3609 1881 3686 oppositu
1897 3608 2055 3688 Augusti

1305 3719 1338 3770 er
1358 3706 1543 3786 Agrippae.
1585 3705 1658 3765 ΔΕ.
1677 3707 1702 3767 l.
1734 3703 1896 3790 (Pellerin
1926 3707 2007 3773 ileo.
2025 3710 2052 3770 l.

1304 3829 1337 3894 p.
1354 3806 1471 3868 xttttt.
1492 3807 1578 3871 Mur.
1597 3805 1706 3887 Caes.)

1357 3901 1579 3970 llo'rsstoe
1601 3905 1705 3968 Aries
1722 3905 1881 3990 Libycas.
1903 3903 2051 3972 11³0?-

1305 4003 1412 4074 d‘OC.
1433 4001 1629 4069 TAMIAc.
1668 4003 1760 4067 Sella
1782 4020 1815 4068 ct
1838 4007 1937 4072 ltcs'lc
1954 4029 2053 4091 quac-

1304 4115 1420 4178 storic.
1443 4109 1512 4173 ΔΕ.
1528 4108 1582 4168 111.
1606 4105 1766 4188 (Pellerin
1789 4107 1812 4168 l.
1831 4108 1876 4189 c.)

1361 4207 1529 4278 amoc.
1546 4201 1771 4272 HOTHIOC.
1788 4209 1827 4272 L.
1847 4210 1955 4294 Caput
1964 4211 2051 4273 Am·

1305 4315 1422 4382 monis.
1444 4306 1468 4370 ἶ
1484 4303 2050 4380 TnM1ac.ANT10TPA.L.n.

1431 4521 1454 4578 'a

539 4721 570 4790 n
589 4715 621 4774 o.
634 4717 666 4780 a.
685 4715 877 4780 r.xxxvtt.
896 4727 1001 4796 pert,
1072 4719 1107 4800 t)
1126 4723 1198 4784 nac.
1212 4723 1233 4786 1.
1244 4741 1281 4802 a·
1299 4735 1342 4786 ta.
