4468 5568
514 601 587 678 sot
933 579 966 670 '.
1105 587 1313 661 curvo
1348 583 1474 660 xvut.

510 765 593 830 certi
611 775 730 826 tantum
751 737 1022 844 genesianumis,
1047 756 1158 840 quales
1176 775 1253 818 sane
1310 757 1426 820 Fannii
1453 756 1534 818 nihil
1565 753 1660 819 nobis
1681 745 1818 821 constat.
1856 759 2061 842 Etspeetan-

509 867 602 929 inere
619 862 822 946 cistophori.
861 863 912 920 En
939 860 999 922 tibi
1026 860 1096 940 ejus
1123 860 1253 921 illustre
1311 859 1388 921 dum
1417 878 1499 943 ergo
1526 870 1672 940 tempus,
1704 859 1792 943 quod
1821 861 1955 944 prolatis
1980 863 2058 926 aliis

511 945 698 1050 exemplum
727 985 768 1028 ex
801 963 910 1028 viciam
943 961 1091 1046 potitum.
1129 961 1254 1044 Mysiae
1312 957 1529 1026 monumentis
1548 959 1684 1027 dubium
1705 963 1868 1047 expediat.

507 1067 805 1152 ,quomodocunque
821 1066 887 1128 late
904 1077 1049 1147 sumptae
1065 1064 1166 1126 nrbes
1181 1083 1254 1146 per·

510 1171 586 1234 inde
618 1171 744 1254 epocha
770 1189 845 1231 usas
873 1187 940 1230 non
968 1176 1113 1246 constat3
1147 1178 1256 1227 tamen
1316 1199 1375 1265 W·

511 1285 583 1334 eam
630 1272 830 1354 inscripsere
878 1269 983 1332 numia
1027 1266 1257 1330 Alexandrinis

512 1371 669 1447 ‘Proadis,
712 1391 779 1433 non
816 1371 947 1455 quidem
986 1369 1153 1444 omninno,
1197 1365 1257 1429 sed
1369 1375 1373 1382 '

511 1485 634 1536 tantuna
674 1471 922 1536 tetradrachmis
962 1487 1036 1532 cnm
1076 1467 1256 1553 epigraphe
1376 1467 1511 1531 Metalla
1526 1468 1705 1551 cistophori
1716 1487 1833 1534 omnes
1844 1471 1966 1535 eodem
1982 1491 2060 1537 een-

511 1565 837 1638 ΑΠΌΛΛΩΝΟΣ.
863 1565 1109 1648 ΕΜΙΘΕΩΣ,
1132 1571 1166 1630 id
1191 1580 1256 1644 est,
1313 1583 1414 1647 stent,
1435 1590 1556 1652 nempe
1573 1584 1726 1651 argento,
1750 1591 1856 1656 eoque
1873 1573 2058 1656 purissimo.

512 1687 622 1738 certae
656 1657 781 1737 tanturn
818 1673 930 1736 classis
967 1673 1084 1737 nantis.
1127 1671 1258 1734 Eodem
1313 1673 1526 1764 naraoanon
1543 1673 1670 1754 reperit
1687 1671 1750 1734 nisi
1769 1673 1939 1754 Goltzius,
1965 1677 2057 1759 enjus

512 1795 594 1860 ergo
620 1775 757 1840 consilio
783 1789 922 1860 potuere
946 1775 1101 1860 Ephesii,
1129 1773 1187 1858 qui
1213 1771 1255 1834 ab
1312 1773 1460 1836 fraudem
1477 1773 1538 1854 jam
1557 1767 1734 1856 pemtrinsi
1750 1795 1848 1860 sopra
1863 1777 2003 1841 articulo
2018 1783 2057 1840 11.

513 1877 675 1942 ordinaria
709 1899 766 1940 sna
805 1891 933 1940 moneta
973 1877 1118 1960 epochae
1154 1894 1257 1937 annos
1314 1879 1462 1939 Aeneam
1481 1875 1558 1938 dedi
1571 1877 1604 1936 in
1618 1875 1767 1959 catalogo
1784 1877 1859 1940 loco
1877 1880 1978 1956 16,as
1992 1901 2058 1940 mo·

512 1983 719 2055 ibatinnere‚
746 2000 815 2042 eam
839 1979 1020 2043 inscribere
1043 1975 1255 2060 cistophoris,
1314 1977 1369 2040 nui
1388 1978 1500 2050 etiam,
1529 1996 1603 2038 eom
1620 1977 1766 2042 detractu
1785 1996 1926 2062 persona
1945 2000 2059 2064 argen-

512 2085 568 2166 'qoi
598 2084 692 2146 fuere
720 2095 850 2145 moneta
880 2079 1145 2143 extraordinaria.
1182 2079 1256 2139 Hoc
1313 2092 1366 2142 tes
1385 2099 1522 2142 aeneum
1538 2079 1693 2144 erasisse.

514 2197 622 2247 amoto
651 2181 785 2246 obices
808 2201 873 2268 quo
896 2181 1056 2265 principio
1080 2179 1257 2244 verisimile
1378 2179 1531 2242 Pondere
1554 2181 1595 2241 ad
1607 2177 1854 2246 tetradracitms
1882 2183 2057 2253 accedunt,

515 2301 564 2347 est
584 2284 765 2348 ducendam
788 2284 969 2366 apocham?
1005 2279 1259 2364 Panelius,1qui
1315 2279 1566 2364 adpendontque
1584 2282 1695 2364 *judice
1718 2285 1873 2367 Belieyo,
1898 2286 1932 2348 ¹si
1960 2285 2057 2350 modo

514 2388 546 2446 in
571 2387 620 2446 his
641 2388 786 2447 numeris
809 2404 904 2446 aerae
928 2403 1057 2468 quoque
1079 2380 1259 2442 indiciavi·
1315 2379 1436 2468 integri
1457 2385 1539 2460 sint,
1571 2399 1670 2468 matta
1690 2385 1835 2448 Parisina
1855 2399 1940 2464 esso,
1971 2387 2058 2450 nude

513 2487 580 2560 dit,
605 2505 713 2547 aeram
735 2503 808 2546 esse
832 2503 974 2558 sacram,
1001 2481 1138 2566 perinde
1161 2493 1257 2564 atque
1315 2484 1519 2566 singulorum
1559 2485 1702 2568 pretium
1743 2489 1870 2549 ratione
1911 2501 2059 2554 monetae

513 2589 545 2648 in
563 2580 1005 2649 numisETOTE.NEOT.
1024 2580 1161 2646 IEPOT
1183 2603 1259 2645 con·
1315 2585 1461 2648 Gallicae
1484 2601 1535 2649 est
1555 2587 1712 2648 librarum
1734 2605 1771 2664 tt,
1803 2587 1984 2652 solidorum
2012 2601 2059 2666 ¹4·

514 2691 611 2772 jecit,
637 2687 710 2772 qnia
733 2687 887 2770 inscripta
910 2683 1015 2748 numia
1033 2703 1094 2768 per
1108 2685 1260 2747 Sabaaio·
1317 2685 1546 2752 videturne
1569 2704 1760 2772 argumente
1781 2689 1875 2774 plura
1899 2691 1984 2776 apud
2002 2693 2061 2754 Pa·

515 2813 586 2854 rnm
603 2789 799 2874 religionem
818 2789 932 2864 sacris,
954 2808 1035 2872 quoe
1052 2786 1091 2848 ab
1107 2787 1259 2870 Ephesiis
1317 2785 1439 2849 neiinrn
1462 2793 1503 2870 ⁸).
1634 2848 1637 2864 ‚

1398 1199 1596 1280 Metallum,
1616 1203 1761 1286 pondus,
1783 1223 1879 1280 usus,
1902 1205 1998 1286 copia
2014 1209 2062 1265 ci·

1560 1301 1802 1384 stophororum.

516 2895 584 2955 sire
600 2891 783 2963 constituta,
798 2889 867 2952 sire
884 2893 1038 2954 renovata
1053 2890 1259 2952 occasionem
1375 2890 1521 2968 Denso,
1544 2911 1601 2954 seu
1626 2913 1720 2958 causa
1742 2895 1945 2980 signatorum
1967 2895 2062 2958 cisto·

516 2994 685 3078 praebere·
718 3005 869 3073 poterant
905 2990 1151 3054 constituendae
1184 3011 1260 3074 epo·
1318 2984 1685 3076 phorornmeaiege,
1709 3017 1811 3079 qnam
1836 3017 1882 3059 ex
1911 2995 2061 3062 condicto

517 3097 607 3160 chae,
633 3093 704 3156 ·Sed
728 3093 958 3178 qualiscunque
976 3093 1056 3156 haec
1072 3095 1260 3176 conjectura
1319 3111 1336 3154 a
1366 3095 1649 3174 praestantissimis
1671 3097 1767 3159 Asiae
1795 3097 1980 3181 civitatibus
2007 3099 2063 3162 ob-

517 3195 910 3278 adaetaecognitionem
931 3195 1260 3258 retucuasach
1319 3209 1477 3258 serratam
1518 3197 1683 3273 videmos,
1724 3196 1874 3280 implexa
1903 3203 2060 3284 quaestio.

517 3299 794 3362 numishactenns
812 3297 950 3378 cognitis
968 3295 1037 3378 ejus
1050 3298 1176 3360 initium
1195 3317 1261 3359 non
1320 3291 1452 3360 Samma
1478 3297 1662 3374 doctrinae,
1689 3301 1950 3382 qnam-Panelius
1969 3321 2063 3386 prae·

515 3417 625 3486 potest
650 3400 791 3464 definiri.
812 3398 891 3461 'Sed
914 3419 989 3480 spes
1013 3398 1262 3475 est,·ilindaii·
1319 3414 1468 3482 ceperat,
1509 3419 1549 3464 eo
1581 3400 1668 3464 redit
1693 3399 1735 3482 ¹¹).
1780 3403 1960 3488 Vtriusque
1991 3425 2064 3490 par·

419 3523 422 3531 ’
517 3502 647 3587 qnando
665 3519 761 3584 posse
780 3499 935 3574 stabiliri,
956 3519 1029 3560 oum
1054 3502 1139 3564 nacti
1162 3499 1263 3561 ineri-
1313 3502 1361 3562 tis
1378 3501 1445 3584 typi
1466 3501 1498 3562 in
1514 3503 1710 3586 cistophoris
1735 3519 1962 3587 argumentum
1987 3526 2064 3569 ron·

517 3624 588 3668 mas
612 3621 745 3666 numum
770 3599 966 3684 Ephesium,
992 3601 1050 3684 qui
1077 3619 1149 3664 unm
1176 3619 1261 3663 anno
1316 3603 1442 3678 tinent,
1474 3603 1593 3688 inquit,
1628 3605 1716 3690 quod
1746 3606 1841 3672 unico
1868 3609 1912 3670 ud
1941 3609 2064 3672 Bacchi

428 3727 431 3734 ’
517 3705 664 3788 epochae
689 3702 865 3784 conjunget
891 3721 1011 3764 nomen
1036 3703 1262 3785 proconsulis,
1320 3703 1474 3786 mysteria
1513 3719 1547 3768 et
1585 3707 1676 3789 orgia
1715 3709 1867 3790 pertinet.
1903 3710 2061 3782 Constat,

518 3807 642 3888 dequo
663 3813 808 3878 constet,
833 3815 1065 3888 quotcmpore
1079 3803 1188 3866 'Asiam
1211 3823 1263 3868 re·
1320 3805 1482 3868 iisccitnm
1514 3807 1547 3866 in
1568 3809 1719 3889 Lydiae,
1749 3791 1930 3894 Phrygiae,
1962 3825 1995 3874 et
2022 3813 2064 3872 vi·

518 3909 621 3982 serit,
645 3919 691 3997 nt·
704 3915 828 3966 constet
855 3904 895 3966 de
907 3904 1123 3971 ·C.'Pnichro.
1153 3907 1263 3970 Habe·
1308 3907 1385 3970 -cini
1404 3919 1524 3970 tractus
1546 3909 1680 3972 urbibus
1699 3913 1875 3993 priucipns
1890 3912 2066 3976 obuersan-

516 4020 588 4071 tnus
615 4003 745 4090 quidem
761 4004 866 4066 'binos
883 4005 1068 4088 Ephesios,
1093 4009 1147 4091 qni
1172 4027 1262 4090 prae·
1321 4009 1360 4072 tia
1385 4023 1574 4086 mactatum,
1606 4012 1742 4098 ejusque
1770 4012 1817 4073 ibi
1846 4013 1930 4076 fests
1957 4013 2066 4096 appel-

518 4113 596 4174 sidis
626 4127 748 4171 nornen
771 4125 851 4170 enm
874 4127 1087 4172 annonerae
1111 4111 1264 4190 junxere,
1323 4111 1385 4174 iata
1425 4112 1526 4176 inisse
1560 4114 1722 4190 Sabanis,
1759 4133 1841 4200 quse
1872 4115 2064 4178 tatnman

518 4215 687 4276 nimirum:
728 4212 766 4274 A.
795 4213 839 4271 Μ.
868 4209 1043 4274 PROOOS
1078 4233 1149 4273 cnm
1180 4231 1264 4273 anno
1321 4214 1422 4278 inisse
1457 4216 1591 4300 propria
1627 4215 1772 4280 docum
1814 4216 1960 4294 Tollius,
1999 4216 2066 4280 alii·

505 4317 595 4394 'OZ,
627 4316 718 4380 et·C.
740 4313 837 4378 Fstt.
859 4312 991 4376 PONT.
1005 4307 1081 4378 1²11.
1109 4333 1183 4376 etant
1212 4335 1265 4378 an·
1321 4335 1395 4402 qne.
1454 4316 1617 4409 Quocirca
1657 4315 1829 4382 adfirmare
1870 4335 1937 4380 non
1977 4315 2068 4380 dubi·

516 4437 563 4479 no
590 4413 685 4495 HE„
718 4435 831 4482 veruto
859 4417 1064 4500 ignoramus,
1094 4418 1165 4501 quis
1195 4417 1265 4480 ine·
1320 4431 1366 4482 tat
1388 4421 1434 4502 e),
1457 4420 1681 4506 cistophorus,
1704 4421 1760 4512 qui
1782 4436 1896 4483 omnes
1918 4419 2065 4502 ejusdem

517 4520 626 4593 ritis,
657 4539 753 4602 quem
781 4539 898 4583 numos
919 4519 1014 4580 nimis
1035 4537 1134 4601 parce
1157 4519 1194 4582 Δ.
1218 4523 1262 4584 ii.
1320 4536 1395 4584 sunt
1412 4520 1553 4598 formae,
1578 4535 1613 4584 et
1628 4523 1808 4588 Bacchicae
1824 4523 1958 4606 aiicujus
1979 4541 2067 4606 pont·

513 4621 677 4706 appellat,
707 4636 741 4684 et
772 4621 813 4684 de
843 4635 994 4706 tempore
1022 4635 1196 4704 praeturae
1214 4621 1262 4688 -Ο,
1315 4641 1381 4707 pae
1403 4623 1552 4688 referunt
1573 4625 1730 4708 insignia,
1762 4646 1836 4689 enm
1865 4626 1899 4688 in
1928 4625 2067 4692 dirersis

554 4833 582 4884 a*
605 4847 670 4902 pag.
687 4838 744 4896 ¹09.
761 4843 824 4899 seq·
898 4825 932 4893 b)
954 4829 1072 4902 pagno.
1089 4845 1149 4904 seq.
1228 4834 1258 4898 c)
1279 4847 1343 4904 pag.
1355 4841 1399 4888 itt.
