4338 5554
473 537 552 610 DB'
581 537 990 622 MAGISTRATV
1024 539 1323 616 urotttttO.
1599 559 1689 640 259ν

125 697 280 786 dempto,
303 704 444 784 Varum,
467 705 885 785 Saturninum„Silanum„
931 706 1229 792 legiisignilicnre,
1255 721 1289 772 at
1303 709 1418 773 hercle
1436 709 1597 773 incussum
1613 729 1674 774 nus
1788 745 1795 756 ·

126 799 310 900 Flaccum„
335 806 528 872 Petronium
557 819 620 870 ete.
651 805 761 894 inisse.
783 830 876 893 praes
931 808 1116 886 laborare„
1130 829 1204 872 cum
1224 827 1266 870 ex
1285 810 1403 894 quovis
1420 811 1674 896 magistratueic

125 915 220 966 teres
257 925 436 990 aponymus
471 906 682 986 Antiochiae,
722 910 799 996 quin
841 923 875 975 et
932 910 1121 987 enunciata,
1155 909 1344 987 astaretis,
1365 930 1530 989 neocoro,
1569 931 1677 974 sacer·

10 1085 11 1088 Ἴ
126 1003 306 1090 Agrippum
328 1009 367 1070 ll.
389 1029 504 1094 regem
526 1009 876 1095 exBerudispruge·
932 1011 1025 1088 dote,
1058 1001 1271 1094 agundtheta,
1299 1023 1456 1094 prytaua,
1489 1026 1673 1096 quaestore,

123 1104 179 1168 uie
203 1103 568 1194 iuitseprotiuciarum
594 1131 724 1174 suarum
752 1131 874 1194 epnuy·
930 1125 1006 1174 turn
1017 1111 1283 1196 proconsulibus,
1299 1112 1584 1196 propraetoribus,
1601 1131 1678 1196 pro·

124 1227 224 1286 mum,
241 1208 364 1294 quiebi
377 1209 567 1274 omuessibi
579 1211 771 1278 uocabulum
788 1209 871 1274 Ent
930 1213 1152 1290 curatoribus,
1185 1212 1335 1278 uolumus
1357 1232 1535 1296 eponymus
1563 1215 1677 1301 estun}

123 1306 327 1390 praefixere,
365 1311 441 1395 quin
472 1324 507 1374 et
533 1333 619 1375 sunu
654 1325 812 1376 uertente.
838 1325 873 1375 et
930 1313 1022 1376 dere.
1064 1312 1195 1376 Etenim
1223 1323 1288 1375 taut
1315 1313 1396 1378 uarii
1425 1304 1684 1412 generis'msgi‘q

124 1409 281 1494 deinceps
308 1410 429 1475 iterum
453 1411 598 1490 eluctus,
633 1413 794 1498 quiu'psr
822 1433 872 1476 se·
930 1427 1048 1477 stratus
1078 1434 1178 1498 saepe
1207 1412 1355 1478 uidemus
1387 1417 1482 1478 unius
1517 1414 1678 1498 ejusdem-

123 1523 263 1594 quentes
281 1513 514 1590 etiamunuos,
533 1514 650 1599 quibua
670 1511 878 1598 provinciam
931 1535 995 1600 que
1026 1515 1163 1579 ciuitatis
1193 1516 1299 1577 numia
1327 1515 1518 1598 inscriptos,
1549 1530 1584 1577 nt
1612 1517 1679 1596 jaun

10 1699 11 1704 η
122 1611 411 1690 administrabant,
449 1613 565 1677 eadem
602 1615 636 1674 in
672 1614 779 1676 numia
807 1612 874 1676 iur-
931 1615 1153 1700 exbacipsa
1178 1633 1272 1676 causa
1298 1615 1491 1676 incredibile
1515 1615 1677 1700 uidemur,

126 1712 213 1774 mula
242 1727 317 1776 suut
345 1714 406 1778 usi.
445 1711 594 1804 Quodsi
616 1713 712 1776 etiam
734 1713 873 1778 velimus
932 1738 994 1782 eus·
1010 1737 1123 1780 omues
1139 1715 1172 1776 in
1191 1735 1426 1800 eponymorum
1447 1717 1547 1779 luisse
1566 1737 1680 1780 nume·

125 1815 342 1898 permittere,
373 1833 432 1877 cur
453 1815 503 1878 bis
527 1815 640 1897 Syriae
661 1817 796 1898 legatis,
819 1814 876 1878 vel
930 1839 980 1882 ro.
1011 1817 1174 1900 Exemplo
1199 1817 1263 1878 siut
1288 1817 1493 1898 magistratus
1516 1817 1677 1899 Byzantii.

125 1914 204 1978 alibi
245 1913 514 1999 proconsulibus,
553 1939 586 1982 v.
617 1937 649 2000 g.
685 1915 873 1997 Bithyniae,
930 1921 1058 1982 Horum
1073 1939 1155 1981 unus
1171 1907 1678 2000 asrv.g.,ttss1.Tt³lttnNOT.

124 2035 167 2078 ste
199 1999 304 2078 semel
334 2013 466 2098 quidem
496 2015 635 2080 additam
665 2017 875 2098 legimusdi·
929 2021 1155 2104 KALquem
1193 2019 1320 2080 collatis
1351 2017 1457 2078 numia
1487 2017 1558 2081 aliis
1592 2017 1680 2081 baud

125 2115 281 2200 quitatem
326 2135 541 2199 anonymam,
594 2139 688 2200 quam
738 2115 873 2180 honoris
932 2119 1066 2183 dubium
1095 2133 1146 2182 est
1172 2118 1273 2182 fuisse
1296 2118 1386 2182 urbis
1408 2117 1618 2196 archontum,
1646 2132 1685 2200 et,

125 2217 875 2302 causatuseepere?FuereAugustus,Agtip·
931 2205 1063 2306 quidum
1087 2221 1306 2304 magistratum
1329 2240 1536 2302 eponymum.
1566 2221 1677 2282 Alius:

123 2339 184 2400 pa,
227 2317 380 2382 rhenus
410 2317 678 2410 Qpinqusnuales
715 2319 872 2382 Coloniae
930 2305 1025 2386 Elii.
1071 2320 1200 2385 ΘΕΑΟ.
1246 2316 1565 2385 ΦΑΤΟΤΕΙΝΗΟ.
1627 2322 1679 2382 An

125 2419 242 2483 Celsae
266 2419 537 2496 Tarraconensis,
567 2423 658 2484 Nero
686 2433 723 2485 et
745 2423 872 2484 Drusus
928 2424 1115 2486 Faustinam
1156 2423 1312 2509 femin-um
1353 2423 1443 2485 urbis
1487 2409 1705 2486 archontem'

127 2521 284 2584 Caesares
324 2521 418 2584 lltiri
454 2521 750 2606 Caesaraugustae,
793 2521 874 2584 lube
930 2522 1097 2586 dabimus?
1117 2526 1223 2589 atius:
1242 2518 1678 2606 EHLAPtttoNTcoT„

125 2623 161 2683 tt.
204 2634 240 2683 ct
276 2621 485 2684 Ptolemaeus
520 2641 618 2706 reges
649 2623 871 2686 Mauretaniae
932 2623 1000 2686 To.
1020 2623 1059 2689 Β.
1076 2627 1170 2690 ΚΑΙ.
1185 2621 1510 2688 ΑΛΕΞΑΝΔΡΑΟ.
1542 2625 1594 2685 Ειι
1620 2623 1680 2685 tibi

125 2721 218 2782 llriri
248 2719 451 2805 Carthaginis
483 2723 617 2801 Novae,
652 2737 748 2806 utque
785 2726 873 2788 bunc
929 2745 1004 2788 cum
1036 2725 1127 2788 urhis
1156 2726 1314 2789 archonte
1347 2726 1550 2808 conjunctam
1582 2725 1680 2787 femi·

126 2821 347 2906 magistratum
373 2821 469 2885 etism
497 2843 612 2888 eurum
634 2825 738 2918 nuruis
761 2826 874 2888 inscri-
928 2849 1014 2892 nam.
1046 2828 1160 2908 Alius,
1187 2847 1284 2911 quem
1307 2825 1407 2888 offert
1429 2827 1596 2890 decretum
1617 2829 1682 2910 By,

125 2936 217 3006 ptum
247 2912 397 3005 legimus.
441 2923 619 3015 Quaeritur
640 2926 740 3004 item,
773 2927 805 2989 si
827 2925 874 2988 le·
931 2927 1119 2990 nautiorum
1142 2926 1509 3012 apud-Demosthenem
1532 2935 1579 3010 ·)=
1615 2929 1697 2991 Ena.

127 3023 194 3108 goti
215 3021 269 3099 hi,
297 3024 351 3088 vel
376 3027 591 3108 proconsules
617 3027 755 3090 honoris
780 3045 875 3090 causa
930 3033 1135 3112 laeaprayaesur
1168 3025 1361 3111 Becnegsyo.
1405 3029 1457 3088 En
1490 3029 1678 3092 hieromne-

127 3123 258 3188 ciuilem
278 3125 311 3184 in
328 3123 463 3188 urbibus
482 3129 702 3212 magistratum
729 3146 876 3209 gessere,
932 3149 1079 3202 monem,
1104 3128 1325 3208 magistratum
1350 3129 1564 3191 sacerdotem.
1602 3127 1682 3191 on-

126 3245 186 3288 cur
203 3245 245 3288 ue
261 3226 367 3290 semel
382 3227 519 3312 quidem
543 3231 577 3290 iu
596 3229 702 3290 numia
727 3230 877 3291 siumeu·
933 3249 993 3294 nes
1022 3229 1074 3305 hi,
1102 3227 1271 3304 atrides,
1302 3229 1486 3312 praeligant
1507 3227 1609 3305 Eut,
1640 3251 1681 3291 au

127 3325 193 3404 tio,
222 3325 324 3392 fuisse
346 3348 422 3392 eum
443 3329 562 3392 iterum
586 3332 639 3396 vel
663 3329 795 3392 tertium
825 3353 878 3392 su·
934 3349 1015 3395 vero
1053 3329 1150 3391 etiam
1194 3349 1308 3391 omues
1347 3329 1524 3416 eponymi?
1573 3330 1681 3392 Multo

126 3441 295 3512 coeptum,
326 3449 401 3492 cum
432 3444 549 3495 tamen·
563 3431 605 3494 de
628 3432 789 3516 Trajauo,
820 3436 876 3516 qui
934 3432 1056 3514 major,
1083 3430 1319 3514 molestiusque
1340 3431 1374 3491 iu
1397 3431 1554 3512 Smyrnae
1575 3431 1681 3494 uumis

127 3551 289 3592 summum
328 3533 478 3612 Byzantii
518 3535 742 3618 magistratum
783 3532 875 3596 obire
933 3535 1093 3608 uarietas,
1129 3553 1243 3615 quam,
1261 3583 1264 3590 .
1282 3551 1325 3594 ue
1354 3531 1487 3615 longior
1516 3531 1593 3608 sim,
1627 3531 1681 3596 bic

128 3652 194 3694 non
229 3630 314 3694 inira
350 3653 386 3696 se
422 3637 563 3719 putauit,
605 3635 814 3719 praedicetur
842 3637 876 3698 iu
935 3627 1002 3697 non
1027 3647 1156 3718 repeto.
1191 3633 1265 3693 Non
1291 3631 1448 3696 dubitauit
1471 3632 1681 3712 Pelleriniua,

128 3731 254 3796 numis:
287 3727 382 3796 ΕΠΙ.
412 3732 661 3799 ΤΡΑῙΑΝΟΤ.
685 3735 781 3800 ΚΑΙ.
803 3735 877 3804 ΤΟ.
937 3735 993 3822 qui
1022 3733 1064 3798 de
1096 3736 1347 3818 Smyrnaeorum
1378 3732 1568 3817 magistratu
1605 3755 1683 3820 epo·

125 3835 163 3898 B.
186 3836 242 3902 tel
260 3832 338 3897 TO..
349 3831 389 3900 Γ.
405 3836 480 3900 ,Sall
502 3836 642 3914 Trojano
663 3839 804 3903 Caesare
818 3841 882 3902 ite·
936 3857 1034 3920 uymo
1060 3835 1126 3912 late
1149 3837 1280 3899 disserit
1303 3834 1354 3920 ιὶ),
1383 3836 1557 3914 adserere,
1586 3835 1682 3920 hujus

127 3959 216 4012 rum,
240 3935 475 4001 vellentium?
938 3936 1077 4002 ciuitatis
1094 3955 1307 4020 eponymum
1347 3937 1461 4001 fuisse·
1486 3951 1682 4021 strategum,

191 4037 243 4100 Es
262 4037 420 4120 quosatis
436 4053 582 4121 apparet,
600 4034 881 4124 passaranum
939 4029 1093 4103 eos'vero
1111 4029 1202 4102 uull'a
1220 4040 1411 4103 auctoritate
1430 4041 1509 4116 niti,
1534 4039 1589 4123 qui
1612 4040 1683 4122 ejus

130 4159 196 4200 uon
219 4139 319 4202 modo
344 4143 564 4226 magistratum
582 4163 796 4225 eponynrnm,
820 4141 879 4204 sed
932 4139 1163 4226 ‚sacerdotibus
1187 4141 1274 4202 hunc
1302 4141 1466 4204 honorem
1484 4140 1681 4207 tribuerunt.

130 4258 358 4324 quemcunque
384 4241 500 4317 ulium,
529 4242 598 4336 pite
620 4265 780 4320 aunuum,
810 4243 889 4306 siue.
936 4243 1028 4324 Ergo
1059 4241 1149 4304 nulla
1179 4255 1229 4305 est
1249 4241 1438 4303 Philostrati
1468 4263 1564 4324 supra
1594 4243 1683 4306 citati

132 4343 291 4426 quantivis
315 4343 489 4428 temporis,
519 4345 689 4422 itemusise
713 4343 879 4428 publicum
938 4343 1127 4418 auctoritas,
1159 4344 1215 4428 qui
1237 4341 1535 4426 stephanephoros,
1562 4343 1681 4408 idest:

133 4444 289 4522 civitatis,
320 4445 390 4512 site
417 4444 713 4526 privatum.synodi
736 4447 788 4543 ¹uel
814 4447 881 4512 col·
938 4445 1145 4521 sacerdotes,
1180 4465 1375 4550 eponymum
1404 4445 1560 4528 Smyrnae
1586 4449 1684 4532 magi·

167 4745 198 4816 a)
220 4741 304 4801 Orat.
322 4739 361 4798 de
380 4759 482 4820 corun.
558 4733 732 4810 bJBchl.
750 4749 837 4816 pile.
