4468 5568
496 491 568 560 304
1119 469 1228 546 ΕΑΒ
1239 471 1312 544 VT
1349 470 1425 540 vlt.

502 645 558 732 qui
583 663 649 706 non
674 642 771 708 iaeils
798 641 983 726 intelliget,
1013 640 1158 706 Graecos
1191 659 1246 707 ns·
1304 659 1386 722 quse
1416 657 1451 702 se
1479 651 1553 716 ter,
1584 639 1637 712 ιιι
1661 651 1776 723 qnater
1804 657 1987 712 neocorss,
2015 651 2046 700 et

493 768 659 836 qusquam
684 747 746 809 sibi
765 747 925 810 bonorem
934 743 1135 860 'quempiam
1165 741 1258 806 otio·
1304 740 1435 834 quidem
1463 761 1693 824 nonnunquam
1723 761 1798 807 oum
1821 741 2045 818 ostentatione,

501 871 572 914 sum
596 863 660 926 tam
685 845 778 922 avide
799 845 1018 936 quaesivisse,
1051 843 1182 931 sedqus
1173 841 1247 906 fa·
1304 841 1440 922 dixero,
1472 841 1608 916 subinde
1632 842 1812 916 detraxisse
1835 841 1877 905 de
1899 862 2045 916 numero,

500 965 593 1018 seret
620 952 670 1014 sui
695 949 855 1066 jactandi,
885 963 918 1012 et
939 947 1078 1014 herilem
1110 945 1245 1038 gratiam
1304 956 1428 1018 essese
1449 927 2046 1040 bistantumssltarneocorasprc·

500 1053 681 1140 aucupandi
732 1049 867 1134 cupium.
926 1050 1060 1123 Certum
1112 1049 1242 1124 iterum,
1300 1043 1414 1111 fessas.
1468 1045 1575 1137 Atque
1617 1047 1699 1121 baso
1736 1067 1799 1114 unu
1840 1066 1936 1120 causa
1973 1046 2045 1122 fuit,

499 1155 643 1232 Greecos
681 1152 902 1235 Augustorum
942 1149 1060 1214 honori
1098 1149 1242 1220 erexisse
1278 1165 1361 1247 ¹our
1392 1145 1457 1222 siri
1483 1160 1686 1230 praestantes
1721 1145 1924 1224 doctrinam,
1954 1168 2043 1232 quarn

500 1256 621 1342 templa
646 1255 715 1318 sive
736 1253 889 1338 Augustis
911 1251 945 1313 id
969 1249 1242 1334 permittentibus,
1300 1247 1398 1342 modo
1426 1248 1604 1332 propositi,
1641 1247 1769 1344 planum
1795 1269 1872 1311 sane
1898 1269 1935 1312 so
1970 1250 2046 1326 nsti-

499 1361 567 1421 sise
603 1371 739 1431 senatu,
773 1370 868 1440 atquo
898 1353 948 1414 bis
973 1353 1006 1414 iu
1031 1352 1161 1436 templis
1187 1351 1244 1414 du·
1300 1349 1586 1441 usmsspornati,
1618 1349 1815 1426 sententias,
1853 1371 1933 1434 quas
1963 1371 2045 1426 oent-

498 1459 586 1520 bium
609 1478 675 1520 non
704 1467 754 1518 est
783 1469 913 1538 pernota
947 1453 1047 1516 fuisse
1071 1450 1128 1529 e'a,
1160 1472 1242 1536 quae
1299 1450 1499 1526 memoravi,
1490 1494 1508 1526 ‚.
1531 1449 1709 1515 insolentes
1725 1449 1917 1535 'plerasque
1952 1467 2045 1569 atqup

497 1561 537 1622 sd
577 1573 787 1630 neocoratum
818 1559 1020 1640 Augusteum
1057 1553 1247 1624 obeundum
1299 1553 1510 1627 incredibiles
1529 1551 1766 1669 confingerent.
1809 1553 1853 1615 At
1875 1552 1963 1628 euim
1981 1553 2045 1630 ιιι-

497 1660 759 1758 requirebantur.
804 1657 931 1755 Quibus
965 1659 1021 1720 illa
1051 1657 1167 1726 ritibus
1196 1655 1244 1718 le·
1299 1656 1414 1732 stimo,
1445 1654 1473 1718 si
1497 1654 1587 1750 psius
1610 1653 1716 1720 animo
1739 1654 1843 1736 magis
1867 1655 2042 1752 tranquillo

496 1761 656 1848 gihusque
682 1761 806 1824 suerint
834 1759 983 1838 delinita,
1014 1772 1166 1844 quantum
1191 1757 1245 1822 his
1298 1756 1479 1848 prementis
1494 1773 1609 1828 causae
1626 1768 1792 1850 momentu
1808 1755 1913 1830 omnia
1928 1777 2044 1850 expes·

496 1862 685 1928 solennibus
715 1862 943 1946 interpositum
981 1875 1131 1944 tempus,
1162 1860 1239 1934 dum
1297 1859 1444 1934 dissent,
1479 1858 1682 1938 reperissent
1718 1841 1836 1934 certe,
1868 1877 1935 1920 uon
1972 1879 2043 1934 esse

494 1967 615 2030 iterum
640 1963 804 2038 celebrari
825 1964 1035 2047 occipercnt,
1057 1982 1155 2025 nemo
1173 1983 1241 2026 rne-
1298 1980 1418 2044 oparee
1444 1958 1609 2044 pretium,
1637 1973 1775 2042 propter
1799 1957 1947 2039 obiectos
1969 1980 2044 2046 pau·

494 2068 617 2132 moriae
656 2065 820 2149 prodidit,
858 2051 916 2140 sed
954 2063 1069 2148 quibus
1100 2064 1243 2128 Graeco·
1298 2062 1389 2126 culos
1412 2059 1522 2146 obices
1545 2083 1563 2122 ιι
1585 2061 1636 2132 ιιι
1658 2059 1733 2126 trita
1754 2059 1914 2144 planaque
1938 2059 1978 2122 sd
2000 2063 2043 2122 sl·

498 2191 569 2232 rum
587 2168 706 2250 religio
727 2187 764 2230 so
782 2166 886 2229 studia
906 2167 1143 2250 suntcognita,
1165 2186 1241 2229 oon·
1297 2175 1401 2226 teram
1439 2165 1543 2226 multo
1578 2160 1822 2244 impeditiorem
1852 2161 2040 2227 deflectere.

495 2273 587 2332 tinuo
622 2269 828 2352 intelligent,
857 2265 1044 2344 sacrificiis,
1073 2265 1241 2350 conceptis
1296 2266 1371 2326 Non
1402 2284 1465 2346 ego
1503 2264 1558 2332 bie
1580 2261 1759 2330 Alexandri
1798 2263 1941 2348 gladium
1975 2263 2043 2336 dari

493 2373 597 2448 sotis,
632 2383 666 2432 et
695 2369 924 2432 certaminibus
952 2367 1092 2432 stetisse.
1143 2367 1241 2462 Quod
1297 2366 1377 2442 mibi
1401 2365 1550 2448 postulo,
1574 2385 1639 2450 quo
1661 2387 1740 2438 usus¹
1761 2377 1811 2438 est
1832 2365 2043 2434 autllaillsn·

494 2493 577 2540 vero
599 2472 651 2536 rei
673 2481 769 2553 ceput
794 2483 861 2544 est,
885 2481 1012 2535 certum
1031 2469 1150 2544 etiam,
1170 2468 1241 2551 plu·
1296 2469 1378 2546 tius,
1407 2453 1507 2550 curn,
1532 2479 1568 2527 ut
1599 2465 1688 2544 dixi,
1720 2480 1902 2550 suspectam
1929 2489 2044 2542 eorum

492 2595 549 2636 res
570 2571 726 2646 urbibus,
748 2591 829 2656 quae
854 2571 1044 2648 eminuere,
1067 2589 1241 2634 concessos
1296 2589 1470 2634 nemorum
1501 2568 1679 2632 lectionem
1707 2583 1819 2646 soost,
1849 2591 1913 2654 qua
1938 2569 2043 2632 subin-

493 2687 699 2740 neoooratus.
763 2673 819 2734 Sic
871 2671 1008 2754 Ephesii
1059 2671 1248 2770 imperante·
1297 2657 1340 2734 de
1382 2684 1618 2738 neocoratuum
1671 2690 1827 2733 numerus
1879 2671 2043 2750 minuitur,

493 2776 630 2840 Claudio
653 2773 846 2858 simpliciter
873 2774 1036 2855 scripsere
1059 2770 1240 2836 ΝΕΩΚΟ-
1296 2786 1351 2836 snt
1373 2773 1540 2853 Cuperus,
1571 2791 1645 2834 cum
1674 2771 1707 2832 in
1739 2773 1879 2834 snimnm
1909 2774 2042 2852 inducit,

493 2877 632 2954 ΡΩΝ.,
654 2876 730 2939 inde
751 2875 790 2938 ab
808 2873 992 2937 Hadriacos
1017 2871 1100 2936 otc.
1122 2870 1240 2936 ΝΕΩ·
1297 2889 1332 2940 ut
1355 2875 1486 2951 credet,
1516 2873 1549 2934 in
1578 2885 1812 2946 neocoratuuus
1841 2874 1969 2938 calculo
1991 2896 2044 2938 re·

492 2973 692 3052 ΚΟΡΩΝ.,
729 2975 806 3038 ἰιιιιιι
846 2999 863 3038 ιι
899 2975 1084 3038 Caracalla:
1122 2971 1238 3034 TPlC.
1295 2990 1387 3042 teres
1422 2975 1632 3059 negligenter
1670 2989 1815 3039 versatos
1840 2979 1879 3058 s),
1933 2975 2041 3041 Nolim

493 3073 805 3151 NGssKOPssN.‚
849 3075 926 3138 inde
964 3076 1005 3139 *Β
1039 3073 1237 3159 Elegabtlot
1296 3099 1361 3164 ego
1389 3092 1443 3149 aut
1474 3099 1648 3146 rumorum
1677 3075 1879 3154 lectionem,
1909 3093 1963 3142 aut
1991 3100 2043 3142 re·

495 3175 741 3246 TCTPAKIC.
785 3173 1071 3242 ΝΕΩΚΟΡΩΝ.
1128 3175 1238 3240 Dubio
1294 3161 1403 3248 terum
1434 3179 1762 3263 circumspectionem
1792 3180 1980 3254 solicitsre,
2011 3195 2041 3247 st

490 3282 611 3342 iterum
635 3295 743 3357 secat,
766 3279 794 3341 si
816 3292 1011 3348 neocoratus
1035 3280 1159 3362 primus
1183 3278 1241 3342 ob-
1295 3285 1398 3351 nolim
1428 3283 1545 3358 etium,
1577 3295 1715 3376 propter
1739 3301 1836 3344 ιιιιιιιι
1864 3281 2043 3354 alterantes

493 3383 644 3456 servspdi
665 3381 844 3468 cujuspiam
868 3381 1024 3465 principis
1051 3383 1154 3468 grstia
1177 3381 1240 3456 suit
1295 3386 1433 3460 urbem,
1466 3403 1548 3470 quoe
1575 3383 1736 3454 diuersam
1766 3383 1807 3446 ab
1833 3382 1907 3445 aliis
1932 3385 2045 3468 legem

493 3486 910 3570 constitutus,.sequentes
932 3481 972 3544 ad
994 3483 1129 3545 alterius
1152 3485 1240 3565 prin·
1296 3501 1428 3562 secutae
1457 3487 1562 3550 sideri
1591 3496 1750 3568 possunt,
1779 3483 1960 3548 doctrinam
1991 3505 2042 3558 cc·

492 3587 573 3668 cipis
597 3589 757 3650 bonorem
778 3599 963 3668 spectasse;
985 3604 1101 3648 verum
1123 3585 1241 3651 sdbse·
1295 3604 1366 3654 tera
1385 3587 1522 3658 solidum
1542 3587 1695 3660 convelli.
1738 3587 1820 3648 Cum
1839 3585 1925 3664 dixi,
1948 3609 2042 3658 ιιιιιιιιι

494 3709 606 3750 ιιιιιιιιι
628 3689 767 3760 iterum,
788 3707 828 3746 au
852 3685 972 3768 singuli
993 3687 1161 3770 principes
1182 3709 1238 3750 sua
1296 3706 1418 3764 tanturn
1456 3691 1633 3765 alteramve
1674 3687 1790 3750 urbem
1827 3711 1846 3752 a
1879 3691 2043 3752 communi

493 3791 630 3852 seorsim
649 3787 841 3870 habuerint
874 3789 1020 3882 templs,
1057 3811 1096 3852 sn
1138 3811 1237 3862 uuum
1296 3793 1373 3878 legs
1403 3793 1598 3868 discedere,
1626 3789 1708 3862 nibil
1737 3789 1875 3853 adlirmo
1905 3805 2041 3866 temere,

492 3891 645 3976 idemque
694 3889 928 4006 praecedentis
963 3887 1135 4006 Augusti,
1183 3908 1239 3956 aut
1296 3895 1456 3982 siquidem
1477 3895 1556 3956 mibi
1569 3892 1793 3978 permittatur
1785 3915 2041 3994 ,nonnunquam

492 3993 589 4058 etiam
619 4006 713 4056 setus
749 3991 890 4054 numinis
920 3991 1096 4075 cujuspiam
1126 3993 1239 4062 dome·
1296 4018 1369 4074 sese
1393 3999 1491 4063 nrbes
1516 3995 1685 4080 scripsisse
1709 3995 1902 4092 simpliciter
1925 4020 2043 4074 necco-

493 4097 566 4160 stici
595 4115 681 4157 noso
717 4093 782 4158 deo
812 4093 929 4158 cellam
966 4094 1159 4174 indulserit,
1196 4121 1236 4164 an
1294 4121 1368 4175 ras,
1401 4101 1498 4167 etism
1520 4119 1595 4170 cun
1625 4097 1678 4158 bis
1707 4111 1742 4160 et
1774 4103 1905 4186 saepius
1934 4115 2043 4176 essent

492 4221 607 4263 eorum
627 4198 771 4260 honores
787 4197 985 4278 conjunctim
999 4197 1174 4278 celebrati,
1196 4223 1236 4265 an
1293 4221 1479 4272 neocorse,
1500 4202 1534 4262 in
1556 4221 1619 4284 qua
1636 4199 1766 4284 quidem
1790 4205 1952 4277 sententis
1975 4205 2038 4288 jam

492 4303 653 4376 seorsim,
691 4300 772 4364 haec
794 4312 891 4384 stqus
913 4299 1031 4364 similis
1056 4301 1120 4366 slis
1140 4303 1238 4386 plane
1294 4318 1329 4368 et
1348 4303 1558 4372 Vsillsntium
1599 4303 1679 4364 mibi
1716 4305 1895 4386 praeivisse
1934 4307 2041 4374 rideo.

492 4407 689 4490 ignoremus.
1294 4407 1455 4468 Nimirum
1479 4419 1514 4468 nt
1537 4405 1570 4466 in
1590 4407 1698 4466 nemis
1721 4406 1953 4490 imperatorum
1978 4425 2041 4476 tam

554 4507 688 4571 Certum
724 4503 892 4590 denique,
926 4504 1025 4569 nrbes
1053 4507 1238 4588 nonnullas,
1293 4507 1444 4588 Latinis,
1479 4527 1575 4594 quam
1604 4505 1741 4571 Grssois
1771 4509 1910 4576 omissus
1941 4511 2041 4578 tribn-

527 4715 558 4788 a)
578 4713 670 4778 Lettr.
689 4713 728 4772 ds
747 4715 812 4774 erit
839 4734 871 4792 p.
886 4723 949 4780 508.
