4372 5556
498 561 568 631 122,
622 515 625 522 ’
1097 521 1454 611 cessisses.

594 711 643 777 11.
666 709 769 776 Numi
787 709 992 792 Cyrenaicae
1014 707 1135 790 regiae.
1584 701 1721 770 Nunti
1733 697 1762 771 :J
1844 699 1848 706 ’
1886 697 1889 704 ’

558 913 610 977 De
629 912 735 976 numia
752 910 964 993 Demonactl,
986 903 1102 990 Betto,
1124 919 1159 973 et
1174 908 1236 972 Ar·
1319 959 1322 966 .
1354 901 1427 970 Non
1448 905 1503 972 hic
1528 920 1646 991 repeto
1673 927 1789 974 numos
1817 927 1940 972 aeneos
1962 925 2042 969 cnm

495 1013 636 1092 casilao,
658 1013 714 1098 qai
732 1013 809 1098 Cyri
830 1027 935 1078 aetate
955 1013 1166 1096 cyrenaicam
1184 1030 1237 1074 re·
1291 1009 1398 1091 capite
1424 1009 1631 1092 Berenices,
1655 1031 1738 1097 qaae
1762 1011 1824 1076 icit
1853 1009 2040 1073 Ptolemaei

495 1135 591 1192 arere,
610 1132 781 1198 perperam
794 1111 923 1192 trib'otis
939 1112 1047 1197 paullo
1062 1131 1157 1193 sopra
1170 1111 1239 1190 egi·
1294 1111 1320 1173 l.
1344 1109 1470 1172 Soteris
1486 1129 1587 1186 uxor,
1611 1127 1644 1172 et
1660 1115 1776 1195 Megas
1795 1113 1899 1176 nostri
1920 1123 2039 1186 mater,

496 1236 577 1278 mus.
621 1211 688 1308 Qui
710 1228 905 1300 sequuntur,
941 1235 1013 1277 cum
1040 1214 1236 1278 Ptolomaeis
1295 1223 1349 1272 aot
1372 1227 1445 1272 com
1471 1212 1577 1295 capite
1597 1203 1779 1279 Ptolemaei
1796 1215 1835 1278 ll.
1873 1211 2042 1275 Philadel-

497 1328 689 1400 congrount.
1293 1311 1376 1394 phi,¹
1406 1332 1488 1396 quos
1523 1313 1599 1378 vide
1636 1315 1670 1376 in
1697 1315 1866 1400 utriusque
1896 1327 2041 1390 moneta,

1295 1432 1441 1497 quosque
1458 1413 1491 1475 in
1504 1413 1680 1498 Cyrenaica
1694 1429 1728 1479 et
1744 1418 1868 1498 allega
1880 1415 2038 1498 signatos,

748 1557 783 1614 Μ
804 1553 833 1613 A
855 1553 884 1614 G
908 1557 934 1614 Α
958 1555 988 1615 s
1294 1533 1336 1577 cx
1360 1515 1513 1578 adstitoto
1539 1529 1817 1600 monogrammate
1839 1512 1960 1582 ΜΑΓ.
1991 1515 2045 1578 in·

1309 1615 1398 1678 elli'

561 1719 662 1805 Regis
684 1693 780 1804 hojas
804 1719 972 1785 historiam
992 1739 1030 1786 ac
1049 1734 1165 1782 nomos
1187 1737 1238 1780 so·
1294 1627 1307 1678 ²
1362 1617 1572 1801 dipiiiegis
1588 1719 1826 1788 diadematum.
1865 1715 2043 1782 1BA21·

497 1821 554 1884 lits
572 1822 756 1885 eruditione
774 1839 811 1884 ac
828 1821 1027 1906 perspicacia
1045 1819 1240 1903 conscripsit
1293 1811 1447 1883 ΛΕΩΣ.
1461 1813 1612 1881 Mars.
1637 1819 1745 1903 Captet
1758 1823 1917 1884 muliebre
1927 1822 2043 1884 diade»

400 1991 418 2013 Ι,
498 1925 646 1988 literatos
663 1921 786 1988 Galliae
809 1923 935 2007 insigne
958 1921 1120 2008 quondam
1139 1920 1238 1984 decas
1297 1931 1422 1982 rnatum
1444 1921 1698 2002 dependentibus
1716 1923 1893 1986 cincinnis·
1915 1917 1986 1980 AB.
1999 1921 2044 1986 11.

497 2025 675 2109 Belleyua,
706 2045 780 2088 com
797 2025 941 2088 nobilem
966 2025 1180 2106 amethystum
1199 2042 1241 2086 ex
1263 2063 1266 2076 ·
1290 2019 1488 2104 ¹(Pellerin.)

497 2147 613 2191 moseo
628 2126 729 2190 Ducis
738 2121 983 2190 Aurelianensis
1005 2127 1239 2209 promulgaret,
1359 2120 1458 2201 cajus
1477 2122 1518 2183 sit
1532 2134 1628 2206 capot
1642 2124 1770 2210 regiam
1785 2120 1888 2209 partis
1903 2123 2042 2204 anticas,

498 2228 553 2292 coi
566 2226 760 2308 insculptum
774 2241 869 2309 caput
880 2229 995 2308 Magne
1010 2226 1157 2289 imberba
1176 2226 1241 2289 dia·
1284 2221 1554 2289 examinandum.
1598 2224 1680 2288 Satis
1702 2239 1857 2312 apparet,
1881 2225 2042 2292 creditam
2171 2257 2172 2298 3

500 2327 685 2402 densatum,
715 2342 749 2390 et
769 2343 872 2390 corno
894 2327 1061 2389 Ammonis
1083 2328 1240 2390 munitum
1288 2323 1503 2403 ffetterinio,
1531 2345 1604 2390 esse
1631 2341 1727 2410 capnt
1744 2329 1872 2412 Magea.
1914 2329 2044 2396 Verum

500 2427 644 2508 subjecta
661 2427 839 2512 epigraphe
853 2421 1048 2504 ΜΑΓΑΣ,
1070 2443 1105 2492 et
1122 2429 1241 2514 silphio
1298 2425 1414 2489 collata
1438 2444 1566 2508 gemma
1587 2448 1682 2510 sopra
1711 2429 1829 2508 citata,
1861 2449 1943 2514 quae
1969 2449 2046 2492 oea·-

499 2529 597 2592 iaciei
624 2527 842 2610 adstiterat).
886 2527 965 2610 Ejus
996 2527 1164 2594 historiam
1194 2530 1241 2594 sic
1294 2532 1365 2590 tuni
1386 2527 1482 2608 hujus
1501 2529 1590 2609 regis
1611 2542 1707 2611 caput
1724 2530 1826 2606 sistit,
1855 2549 1916 2614 per
1934 2529 2045 2594 ditet*-

500 2631 610 2713 paucis
628 2629 766 2693 habetet
1297 2629 1423 2692 sissima
1438 2629 1504 2690 oris
1526 2627 1720 2694 lineamenta
1743 2632 1806 2698 oiri
1827 2631 1947 2694 eruditi
1967 2651 2045 2694 een·

449 2753 453 2761 ’
563 2730 639 2794 Fuit
659 2729 746 2793 lilius
766 2729 911 2814 Philippi
933 2731 1109 2826 cajospiam
1134 2729 1242 2794 ntaeo·
1297 2731 1419 2795 tentiae
1458 2728 1609 2793 diffidere
1648 2732 1748 2818 cogit.
1791 2733 1883 2798 Idem
1904 2731 2045 2797 Pelleri·
2084 2795 2093 2814 ‚
2169 2751 2171 2768 ‘¹

502 2833 597 2897 donis
622 2830 760 2916 ignobili
783 2830 858 2892 loco
881 2833 966 2908 nati,
997 2847 1031 2895 et
1053 2831 1243 2908 Berenices,
1299 2833 1372 2896 nius
1403 2843 1499 2914 ceput
1532 2847 1675 2896 aversae¹
1702 2853 1776 2898 ease
1814 2832 1925 2898 uxoria
1955 2837 2046 2918 Apa·

411 3003 418 3010 ⁸
501 2936 612 2998 alteris
628 2927 956 3016 nuptiis-Ptolomaeo
973 2931 1084 2996 Soteri
1103 2935 1242 3017 junctae.
1300 2953 1370 2998 mes
1389 2933 1559 2998 existimat.
1591 2934 1658 2997 Sed
1674 2955 1782 3020 neque
1796 2937 1885 3000 iatod
1901 2935 2045 3002 adridet.

500 3037 565 3099 llic
587 3037 685 3100 Soter
714 3033 934 3116 subjiciendae
963 3032 1026 3095 sibi
1048 3035 1244 3118 Cyrenaicae
1300 3035 1478 3098 Enimvero
1503 3035 1631 3116 capita,
1667 3057 1750 3121 quae
1775 3051 1850 3100 sant
1877 3037 1913 3099 in
1942 3059 2044 3102 numo

500 3139 660 3212 intentos,
690 3139 742 3200 cui
764 3137 903 3221 primum
928 3135 1086 3199 Thimbro
1109 3135 1246 3220 Harpali
1299 3149 1492 3221 praesente,
1524 3137 1608 3200 adeo
1637 3151 1711 3198 suot
1736 3137 2043 3225 similia-capitibus,

501 3241 650 3325 pecuniis
666 3238 811 3321 adjutus,
834 3237 953 3302 deinde
969 3237 1128 3324 Ophellas
1145 3239 1246 3302 liber·
1299 3259 1383 3323 guae
1406 3235 1549 3301 offerunt
1570 3240 1662 3300 nami
1687 3233 1781 3302 aenei
1803 3241 1951 3326 inscripti
1967 3241 2045 3306 ΒΑ·

502 3357 600 3406 tatem
620 3341 825 3418 ademerant,
847 3341 975 3423 Magam
993 3340 1176 3424 privignum
1195 3339 1246 3402 illi
1300 3333 1502 3402 ΣΙΛΕΩΣ.
1527 3335 1883 3420 ΠΤΟΛΕΜΑΙΟΤ.,
1905 3363 1986 3428 qaoa
2010 3343 2045 3406 in

501 3445 642 3528 primum
664 3441 885 3526 expeditioni,
915 3439 1035 3504 deinde
1055 3460 1128 3503 cam
1150 3461 1244 3504 rese
1300 3453 1430 3503 moneta
1454 3439 1695 3518 Ptolemaei·l.,
1725 3442 1813 3527 qood
1834 3442 2045 3530 hoicaple·
2169 3435 2170 3484 i

502 3559 582 3608 voto
601 3543 771 3618 cessisset,
793 3543 922 3622 regioni
939 3549 1051 3623 captia
1074 3540 1244 3623 pracfecit.
1299 3543 1410 3626 risque
1436 3539 1535 3602 tribui
1561 3543 1690 3618 solent.
1720 3543 1873 3621 recitari,
1903 3559 1957 3623 ot,
1987 3547 2044 3630 qai

502 3646 585 3710 Com
606 3643 662 3704 dia
688 3643 721 3704 in
742 3641 851 3705 allicio
876 3639 1127 3723 permansisset,
1148 3641 1245 3725 regni
1302 3660 1341 3704 ea
1360 3641 1561 3705 contendere
1584 3645 1697 3722 volet,
1724 3643 1861 3709 inficiari
1883 3667 1948 3710 non
1970 3669 2044 3732 poa·

503 3749 574 3831 ipse
587 3741 722 3826 cupidos
738 3765 755 3804 a
771 3741 1014 3806 iratreaterino
1024 3740 1244 3826 Philadelpho
1301 3743 1362 3821 sit,
1384 3763 1456 3807 esse
1481 3743 1515 3804 in
1536 3745 1683 3832 utrisque
1706 3747 1831 3812 eadem.
1874 3751 1917 3812 ,tt
1937 3749 1971 3810 in
1992 3749 2044 3812 hia

502 3847 696 3910 Ptolomaeo
716 3841 846 3920 delicit,
863 3831 911 3906 ac
933 3856 1125 3925 praeparato
1147 3845 1248 3907 utrin·
1304 3859 1400 3929 capot
1422 3845 1546 3910 anticas
1568 3867 1641 3911 esee
1666 3849 1780 3933 nequit
1803 3851 1894 3934 regis
1915 3851 2043 3934 llagae.

504 3971 569 4038 que
590 3947 715 4031 magnis
736 3943 850 4008 animis
870 3942 961 4006 hello
983 3943 1112 4007 tandem
1138 3943 1171 4006 in
1194 3967 1248 4030 pa·
1290 3948 1416 4032 majos,
1436 3962 1472 4011 ut
1489 3947 1575 4024 dixi,
1597 3949 1758 4014 diversam
1772 3949 1924 4036 effigiem
1944 3949 2045 4015 offert

503 4055 552 4118 cia
570 4049 774 4116 conditiones
795 4045 870 4108 itur.
909 4047 1061 4108 Mortuos
1079 4059 1151 4126 cst,
1171 4069 1247 4112 com
1302 4051 1523 4134 amethyston
1552 4071 1660 4134 neque
1692 4071 1765 4115 esse
1798 4067 1908 4136 pateat
1934 4053 2046 4118 Ptole·

505 4151 715 4237 cyrenaicam
752 4149 840 4233 ipsos
878 4167 979 4210 aanor
1015 4147 1055 4212 L.
1094 4149 1245 4229 rexisset,
1302 4152 1387 4214 maai
1404 4153 1446 4228 1.,
1477 4173 1551 4215 nam
1580 4166 1648 4215 tom
1669 4165 1765 4238 capot
1793 4175 1926 4219 areraae
1956 4169 2044 4219 esest

504 4257 547 4324 V.
567 4257 605 4318 C.
630 4254 702 4340 408.
725 4257 763 4316 Λ.
782 4250 824 4313 tt.
844 4247 916 4314 ast.
1303 4253 1373 4337 ejus
1390 4254 1713 4335 oxorisBereoices,
1736 4255 1794 4318 aed
1815 4257 1911 4339 hujus
1928 4277 2045 4324 namot

568 4359 620 4420 Ex
641 4375 744 4418 uxore
762 4353 883 4438 hpsme
902 4349 1053 4414 Antiochi
1074 4353 1098 4417 l.
1120 4351 1246 4418 Soteris
1302 4369 1412 4420 certus
1427 4355 1528 4418 multo
1543 4353 1708 4424 diversam
1725 4371 1759 4422 ct
1773 4359 1896 4424 voltum
1914 4373 1948 4422 et
1962 4361 2048 4442 capi·

505 4461 572 4526 lilia
610 4457 722 4542 genuit
754 4457 934 4518 Berenicen
967 4453 1157 4520 Ptolemaeo
1189 4459 1245 4524 lll.
1303 4457 1345 4519 tis
1365 4455 1487 4520 coltom
1506 4457 1615 4524 offert.
1657 4461 1832 4546 Reliquum
1854 4475 1923 4540 est,
1951 4475 1988 4524 ot
2010 4461 2045 4524 ia

506 4565 691 4644 Erergetae
707 4569 849 4641 nuptam.
1057 4589 1069 4602 e
1303 4559 1472 4645 utriusque
1489 4559 1540 4625 hia
1552 4561 1658 4626 numia
1675 4577 1770 4650 capnt
1788 4565 1912 4630 anticae
1926 4565 2047 4630 trihus·

515 4709 770 4729 Μ

543 4781 569 4844 a]
594 4775 626 4830 c.
642 4773 673 4828 s.
693 4771 726 4826 r.
744 4767 874 4829 xxxvi.
895 4769 961 4826 ste.
981 4789 1010 4844 p.
1029 4779 1068 4832 ss.
