4468 5568
497 473 568 538 608
668 447 861 525 Carvo*
895 447 989 520 Vlll.
1027 443 1099 516 DE
1135 443 1258 513 Villi.
1297 437 1512 512 sacttts
1550 439 1620 509 ET
1654 439 1879 514 Astbts.

494 621 619 707 jusdam
642 619 686 682 ibi
707 617 885 702 impensius
908 615 1003 692 culti,
1030 633 1096 703 quo
1117 611 1158 674 de
1175 609 1240 674 ritu
1299 629 1360 688 que
1378 611 1444 671 soli
1458 608 1507 689 ¹),
1522 601 1730 696 alqoe'idem
1743 611 1858 673 inrum
1875 611 2077 696 lucumque

494 723 621 810 egimue
639 723 673 785 iu
691 720 891 805 cingulorum
911 716 1040 780 urbium
1059 713 1176 779 numia.
1253 751 1259 759 ·
1298 709 1461 794 Apollinis
1481 711 1570 774 Delii
1593 725 1688 777 vocat
1707 735 1748 777 ecs
1771 715 1936 796 religione
1960 729 2005 778 ee
2029 737 2075 776 eo

509 889 511 892 .
558 821 882 907 Epigrapbeiubis':
905 819 931 879 1.
950 813 1241 898 ternorum-
1294 813 1369 891 jure
1392 825 1562 886 sonetum,
1595 833 1659 891 quo
1688 828 1768 877 sunt
1795 817 1935 900 templu,
1973 835 2074 896 quoe

465 925 601 990 'PAX
636 923 695 986 sed
724 925 758 984 iu
787 935 953 1006 postremo
987 917 1050 980 hoc
1080 913 1240 981 vocabulo
1299 913 1397 997 asylo
1422 913 1545 977 Graeci
1566 916 1737 996 appellunt
1756 914 1802 998 b).

496 1023 679 1102 adhibenda
708 1025 831 1096 cautio;
862 1041 936 1083 nam
965 1039 1031 1082 nou
1060 1039 1136 1082 raro
1164 1016 1244 1084 divi·
1362 1013 1461 1096 Asyla
1489 1016 1631 1098 primum
1659 1016 1768 1080 babitu
1797 1038 1891 1096 arae,
1922 1019 2073 1082 simula·

496 1132 556 1192 sim
577 1142 627 1190 eat
646 1107 842 1209 legendum,
864 1141 984 1204 nempe
1006 1133 1042 1182 ut
1063 1119 1241 1204 significet:
1300 1136 1354 1178 ora
1389 1117 1545 1193 deorum,
1583 1120 1724 1202 templa,
1767 1133 1835 1182 turn
1874 1121 2071 1196 vestibula,

497 1227 610 1302 IEPae
631 1223 763 1290 ΑΣυλυ.
792 1226 825 1285 in
854 1243 918 1307 quo
946 1221 1155 1314 offenderunt
1176 1241 1241 1282 non
1299 1217 1462 1316 porticps,
1501 1233 1537 1282 et
1566 1215 1752 1303 adjacentes
1773 1222 1840 1284 ·bia
1883 1223 1970 1301 luci,
2018 1223 2072 1286 vi.

481 1327 601 1416 pauci.
633 1325 922 1392 consecrationem
938 1322 1035 1384 etiam
1056 1344 1109 1386 me
1132 1323 1241 1404 judice
1296 1339 1404 1396 neae,
1436 1339 1474 1384 sc
1505 1319 1667 1406 denique,
1698 1336 1733 1384 ut
1764 1323 1927 1402 diximus,
1963 1339 2067 1388 totae

437 1421 443 1436 ’
495 1445 609 1496 notent
633 1429 779 1494 additum
801 1427 834 1488 in
855 1424 1032 1490 Castabalis
1054 1421 1243 1486 ΙΕΡΟΠΟ-
1302 1419 1419 1497 urbes,
1449 1423 1623 1504 regiones,
1654 1424 1798 1503 insulae,
1833 1439 1870 1488 ut
1898 1425 2066 1510 Ephesus

495 1530 579 1609 Λις,
608 1534 641 1594 in
662 1528 814 1608 Comanis
839 1519 1242 1600 ΙΕΡΟΚΑΙΣΑΡΕΩΝ,
1301 1513 1397 1584 causa
1422 1522 1565 1602 Dionae,
1588 1525 1659 1588 Elis
1681 1543 1777 1589 causa
1802 1547 1975 1590 sacrorum
2004 1528 2064 1592 tu-

497 1637 529 1698 iu
565 1632 725 1716 Synnadis
757 1621 1148 1704 ΙΕΡΑΠΟΛΕΙΤΩΝ,
1181 1647 1245 1711 qus
1302 1621 1438 1704 dorum,
1469 1626 1606 1704 'Delus,
1654 1626 1892 1704 Samothrace,
1935 1629 2064 1692 Sanno

497 1739 539 1799 de
556 1736 745 1820 conjectura
764 1729 858 1807 vide,
885 1749 966 1814 quae
989 1727 1057 1790 dixi
1076 1726 1112 1789 in
1131 1747 1245 1791 earum
1300 1745 1397 1789 causa
1426 1741 1578 1791 notorum
1609 1728 1779 1790 numinum
1812 1743 1846 1792 et
1874 1749 2065 1794 sacrorum.

498 1838 627 1900 urbium
646 1835 768 1911 nuruis,
785 1845 854 1895 tum
873 1841 907 1893 ct
926 1830 966 1893 sd
981 1829 1179 1912 Hierapoliu
1195 1829 1246 1893 Ci-
1302 1828 1393 1910 Asyli
1413 1827 1464 1910 jus
1487 1844 1553 1891 tum
1577 1827 1694 1905 valuit,
1723 1828 1854 1913 quaudo
1882 1849 2063 1898 consecro·

496 1940 604 2006 liciae.
643 1939 754 2000 Fuere
781 1931 899 2008 nrbes,
934 1949 1015 2015 quae
1044 1931 1245 1994 sanctitatem
1304 1929 1401 1991 tionis
1422 1931 1499 2014 lege
1521 1930 1604 1993 illud
1625 1949 1818 1994 concessum
1839 1931 1901 1994 fuit
1921 1938 1970 2014 ⁰),
2003 1955 2065 1998 va-

497 2063 587 2106 suam
616 2041 689 2124 ipso
715 2037 812 2101 etiam
839 2033 971 2096 nomine
999 2027 1247 2118 expresserant,
1303 2029 1430 2114 luitque
1459 2033 1528 2096 sire
1559 2053 1601 2096 ex
1629 2031 1832 2118 praescripto
1864 2033 2059 2110 vetustatis,

390 2211 397 2222 ,
498 2163 532 2226 ut
553 2145 813 2206 Hierocaesarea
835 2133 975 2218 Lydiae,
1006 2144 1076 2194 tum
1104 2145 1139 2195 ct
1165 2132 1246 2196 aliae
1302 2151 1369 2215 quo
1400 2134 1532 2198 nomine
1559 2131 1642 2197 illud
1673 2133 1847 2198 obtinuere
1874 2136 2059 2219 tempiset

499 2247 604 2307 dictae
623 2237 832 2322 Hierapoles.
892 2237 895 2246 '
1305 2233 1435 2296 oracula
1472 2248 1617 2298 vetustae
1651 2233 1781 2312 darnae,
1821 2234 1891 2300 sire
1919 2235 2058 2300 indulto

562 2343 690 2404 sssttn
715 2338 877 2401 rationem
893 2355 943 2398 er
959 2353 1029 2399 uno
1051 2335 1124 2399 lere
1143 2337 1250 2420 Sprn·
1304 2336 1390 2398 sacri
1418 2335 1584 2418 cujusdam
1613 2337 1764 2412 aoncilii,
1796 2357 1861 2420 quo
1888 2337 1989 2402 modo
2019 2341 2062 2402 it-

500 2445 630 2521 bemio,
661 2441 718 2528 qui
747 2461 819 2504 sam
850 2438 925 2500 loco
956 2437 1085 2501 laudato
1108 2439 1172 2501 late
1195 2457 1249 2498 ou·
1303 2435 1362 2498 lud
1404 2439 1679 2522 Amphictyonum
1707 2439 1856 2518 ¹decreto
1898 2439 2060 2504 tributum

499 2551 619 2634 plicet,
638 2561 783 2630 expono.
814 2541 924 2604 Fuere
946 2540 1032 2621 asyla
1050 2543 1142 2616 loca,
1165 2557 1247 2624 quae
1304 2537 1367 2601 tuit
1389 2538 1506 2602 Samiis
1531 2539 1584 2622 d),
1616 2539 1686 2606 sire
1708 2540 1884 2626 principis,
1916 2555 1971 2605 sut
1990 2565 2060 2608 ma·

500 2654 570 2715 sire
593 2649 676 2725 reis,
703 2665 768 2708 non
790 2641 1017 2707 involuntariis
1041 2639 1157 2716 ruodo,
1189 2637 1249 2701 sed
1306 2639 1515 2722 gistratum,
1535 2647 1612 2726 'quo
1638 2643 1739 2705 modo
1768 2642 1927 2708 Seleucus
1957 2643 2055 2710 Calli·

501 2752 664 2814 interdum
691 2748 787 2811 etiam
812 2743 1025 2816 voluntariis..
1058 2742 1248 2826 perfugium
1303 2742 1396 2804 uicue
1435 2743 1605 2824 Smyrnam
1647 2745 1772 2828 asylum
1816 2747 2055 2828 constituite),

502 2851 703 2938 praebuere,
728 2849 796 2911 sive
813 2867 895 2932 quae
913 2846 953 2908 ab
972 2845 1121 2908 hostibus
1139 2843 1249 2909 invadi
1305 2853 1359 2905 sut
1388 2856 1558 2926 praetores
1590 2843 1730 2907 Romani
1760 2849 2055 2914 Hierocaesarearu

501 2953 677 3040 spoliarive
697 2949 788 3013 nefas
806 2948 960 3012 habitum.
991 2947 1117 3011 Peioris
1139 2964 1249 3010 exem·
1304 2942 1428 3026 Lydiae
1449 2941 1501 3026 s),
1527 2945 1596 3011 sire
1620 2965 1663 3009 ex
1684 2961 1797 3013 mutuo
1818 2969 1981 3014 consensu
2002 2969 2058 3013 ur·

503 3059 592 3142 plum
622 3053 722 3118 offert
751 3050 873 3132 asylum
892 3073 914 3114 a
936 3051 1077 3112 Romulo
1099 3061 1248 3132 apertum
1305 3045 1395 3108 bium
1432 3047 1715 3134 populorumque,
1753 3064 1790 3113 ut
1819 3053 1909 3114 'Peos
1943 3051 2055 3114 lonise

503 3179 543 3221 er
565 3177 661 3220 cause
681 3154 826 3238 cognitu,
846 3151 1001 3229 alterius,
1024 3151 1116 3226 iana,
1138 3151 1249 3228 urbes,
1304 3147 1432 3213 eioobmr
1470 3147 1533 3211 sibi
1572 3151 1743 3236 acquisivit
1765 3155 1809 3234 t).
1851 3151 1904 3216 sb
1937 3151 2054 3216 iisdem

502 3259 643 3334 insulae,
666 3257 821 3340 regiones
842 3275 908 3318 non
928 3275 1050 3340 paucae
1069 3275 1087 3316 a
1104 3253 1250 3336 Spanbe-
1302 3249 1429 3335 pariter
1460 3250 1540 3334 asyli
1577 3251 1659 3317 fines
1697 3253 1945 3338 circumscripti.
1991 3255 2056 3318 Au·

503 3363 568 3425 mio
595 3357 733 3436 citatae,
772 3379 852 3442 quas
878 3356 1005 3442 'religio
1035 3354 1075 3418 ab
1105 3353 1250 3417 bostium
1298 3365 1398 3417 ctore
1438 3352 1553 3416 Tacito
1585 3353 1619 3436 ²²)
1660 3355 1877 3440 imperatores
1916 3355 2054 3422 Romani

502 3465 635 3528 incursu
658 3472 740 3524 tutas
762 3458 964 3545 praestabat,
997 3455 1083 3520 uude
1107 3477 1126 3518 a
1146 3455 1250 3519 Grae·
1302 3475 1375 3518 uon
1402 3449 1501 3518 modo
1521 3457 1646 3540 templo
1667 3457 1967 3538 Hierocaesareas,
1996 3459 2056 3524 sed

503 3569 549 3629 cis
569 3582 796 3646 nonnunquam
817 3580 878 3646 pro
896 3563 967 3638 'irre
987 3580 1036 3618 aea
1060 3553 1176 3633 ἄσυλος
1201 3577 1279 3624 re·‚
1309 3555 1435 3621 duobus
1466 3557 1610 3620 millibus
1638 3580 1791 3643 passuum
1817 3559 1959 3626 candem
1987 3581 2057 3625 ssu·

503 3669 644 3751 positum
663 3667 727 3743 tare
744 3685 794 3722 aar
815 3659 1005 3741 eiureSnree„
1038 3678 1136 3721 seoro
1156 3673 1190 3722 et
1210 3659 1253 3722 eh
1300 3659 1454 3722 sctitstem
1492 3657 1687 3726 tribuerunt.
1727 3661 1844 3726 Sensit
1873 3663 1952 3728 looo
1981 3683 2057 3726 mer

504 3773 595 3830 omne·
613 3767 831 3847 populatione
853 3761 1026 3836 immunis,
1058 3771 1156 3846 atque
1180 3781 1253 3822 sna·
1308 3760 1438 3824 laudato
1470 3761 1647 3838 Seleucus,
1683 3775 1719 3824 ut
1746 3782 1811 3826 non
1846 3763 1946 3830 modo
1976 3779 2057 3828 te·-

505 3867 647 3953 legend
673 3863 756 3928 hanc
776 3861 954 3927 formulam
978 3861 1169 3938 Sallustius,
1198 3875 1252 3924 aut
1309 3861 1398 3945 plum
1420 3861 1565 3930 Veneris
1589 3861 1815 3928 Stratonicidis
1839 3867 1926 3950 opud
1949 3867 2058 3950 Smyr-

505 3969 650 4056 quiequis
680 3979 730 4030 est
759 3978 874 4028 auctor
902 3962 1058 4028 orationis
1080 3965 1111 4026 .l.
1141 3963 1183 4025 ad
1214 3963 1251 4029 C.
1310 3985 1429 4036 naeoe,
1463 3965 1522 4028 esd
1544 3979 1611 4030 tota
1635 3964 1711 4029 urbs
1732 3966 1813 4048 styli
1834 3967 1960 4050 juribus
1982 3988 2058 4052 pss-

497 4073 694 4146 .Caeaarem,
713 4090 842 4132 sucrum
858 4081 957 4144 atoue
971 4065 1188 4148 inspoliatum
1194 4067 1256 4149 fo·
1310 4065 1417 4131 deret.
1457 4069 1597 4152 Templo
1624 4069 1748 4133 Dianae
1776 4069 1942 4152 Ephesiae
1971 4081 2055 4134 testa

427 4151 434 4168 ⁸
505 4197 582 4239 num
599 4185 769 4238 memorat.
787 4169 887 4236 Livio
904 4165 1116 4233 Samothrace
1134 4167 1254 4232 dicitur
1312 4161 1520 4250 Str'abone‘i)
1543 4167 1734 4233 Alexander
1753 4171 1799 4232 li.
1828 4171 1968 4236 stadium
1993 4173 2058 4237 lsr-

498 4299 603 4346 ,roero
623 4277 734 4340 insule
765 4287 799 4336 et
814 4275 967 4356 Augusti
987 4285 1061 4336 toto
1083 4271 1255 4338 inviolati·
1310 4268 1397 4353 gitur
1413 4282 1482 4352 sst3
1504 4271 1734 4350 Mithridates,
1756 4290 1925 4357 quousque
1942 4276 2056 4360 sagitta

543 4521 574 4588 a)
594 4515 726 4574 t..xt.v.
743 4527 768 4578 5.
823 4515 866 4590 b)
885 4513 1045 4574 cmv.
1064 4525 1091 4578 5.
1152 4515 1184 4586 e)
1204 4509 1322 4570 Servius
1340 4507 1380 4566 ad
1395 4507 1636 4574 balbutit.
1691 4507 1726 4581 d)
1745 4508 1838 4566 Tacit.
1856 4507 1995 4572 Aule.
2013 4515 2056 4568 tt.

505 4613 537 4760 ie?
551 4605 787 4770 lblaitlnv.(})xts⁹r;.⁰
862 4605 894 4676 s)
913 4605 1006 4664 Tacit.
1025 4603 1227 4668 mill-62·
1300 4601 1332 4712 p)
1353 4595 1481 4658 Cbisbul
1495 4609 1554 4656 sttt.
1573 4597 1663 4656 satu.
1680 4615 1710 4674 p.
1723 4605 1783 4660 tot.
1800 4615 1863 4672 seq.
1947 4597 1981 4659 bt
2000 4597 2057 4656 Ι...
