4446 5570
455 539 532 610 DE
564 531 755 612 stsss
786 531 1019 622 REGVM,
1052 530 1393 612 PRINCIPVM
1426 553 1496 612 eto.
1676 553 1749 626 1155

200 727 299 800 gunt,
325 709 551 797 principumve
578 725 711 770 suorum
737 705 871 770 nomine
905 705 947 766 si·
1003 700 1199 786 principum.
1242 705 1300 774 IV.
1322 705 1374 770 De
1396 707 1491 774 mii,
1509 707 1694 796 principum
1711 712 1749 774 21.

199 825 392 900 posuerunt.
425 813 466 877 11.
483 813 535 875 De
549 807 734 872 nominibus
748 807 944 892 principum.
1003 802 1081 866 tulis
1096 804 1263 888 epithetis.
1295 809 1337 880 V·
1354 809 1407 876 Dc
1424 809 1603 896 insignibus
1620 833 1748 900 regum,

1566 1011 1573 1062 i

932 1487 967 1580 y.
986 1447 1016 1560 r.

246 1699 430 1784 Getulogss
459 1701 650 1784 regionum,
678 1695 888 1776 sturbium,
917 1713 1003 1790 quoe
1023 1715 1142 1762 numos
1161 1715 1299 1784 regum,
1325 1699 1552 1788 principumve
1572 1719 1706 1766 suerum

780 1817 913 1883 sumtu
941 1818 1169 1902 signaverunt.

263 2145 338 2211 Non
356 2145 520 2232 iugrsturn
539 2141 675 2220 lectori,
705 2155 742 2206 st
762 2139 804 2205 sd
826 2141 944 2206 nultus
1067 2140 1275 2224 syracusus,
1303 2163 1440 2229 querum
1464 2146 1497 2206 in
1527 2143 1654 2222 usmis,
1684 2141 1745 2208 sed

200 2249 408 2334 profuturum
431 2268 542 2314 censes
564 2245 734 2320 existimo,
762 2243 791 2306 si
811 2263 855 2307 ex
874 2241 945 2305 noi·
999 2261 1067 2306 nou
1092 2245 1305 2330 synchronis,
1334 2249 1458 2331 primns
1481 2245 1588 2326 (islo,
1617 2259 1745 2331 postre-

197 2361 298 2418 r'srso
325 2369 429 2436 opere
465 2369 521 2412 eus
551 2367 745 2431 componam
776 2345 943 2428 regiones,
1001 2365 1074 2408 mus
1091 2347 1322 2432 Hieronymus.

196 2451 359 2534 arbesec,
382 2471 517 2538 querum
544 2447 703 2514 hebemus
725 2466 862 2525 nunes,
891 2465 945 2510 re·
1069 2447 1223 2511 Thracio.
1266 2451 1319 2513 Ex
1346 2450 1441 2535 hujus
1463 2451 1598 2536 regibus
1622 2449 1747 2534 primus

197 2575 299 2640 gum,
337 2567 393 2618 sut
433 2553 617 2638 principum
661 2548 796 2613 nomine
833 2565 942 2614 cnscs.
1000 2550 1244 2616 numismaticus
1264 2553 1404 2619 Seuthes
1418 2555 1473 2618 111.
1495 2552 1685 2620 Alsxsndro
1699 2555 1747 2618 li.
1804 2587 1818 2612 ρ

196 2654 363 2722 Procedst
383 2654 438 2718 hio
459 2654 626 2737 estslogus
646 2651 826 2718 secundnm
846 2651 945 2715 sitnm
1000 2661 1173 2719 coaevus.¹
1206 2656 1398 2722 Postremus
1425 2655 1680 2721 Rhoemetalces
1703 2655 1745 2720 11.

197 2757 476 2845 germinium,
514 2773 611 2839 quern
639 2754 675 2816 in
706 2755 812 2838 prims
846 2752 944 2834 hujus
998 2753 1062 2817 sub
1077 2755 1228 2823 Tiberio.

198 2861 312 2944 operis
328 2871 421 2943 ports
437 2856 519 2919 mihi
536 2855 684 2940 praefixi.
726 2853 848 2918 Addidi
863 2866 946 2918 tesn-
1066 2859 1224 2921 Paeonio.
1267 2859 1359 2924 Vnus
1389 2879 1431 2922 ex
1458 2859 1565 2924 nuruis
1597 2860 1748 2946 cognitus

198 2981 278 3045 pus,
301 2981 366 3046 quo
389 2957 573 3044 principum
597 2956 690 3019 nemi
709 2949 805 3018 feriri
827 2975 946 3040 coepe·
1001 2955 1177 3020 Audoieou
1192 2957 1337 3042 Philippi
1353 2961 1511 3042 Amyntse
1529 2961 1684 3044 sequslis.

197 3085 254 3142 re,
277 3082 343 3148 quc
359 3060 529 3135 desirere,
548 3057 626 3142 quis
641 3077 707 3120 non
726 3076 842 3140 perum
858 3059 947 3140 juss-
1068 3059 1282 3121 Macedonio.
1341 3061 1466 3124 Nomos
1507 3062 1749 3146 antiquissimus

197 3164 379 3242 bisetium,
399 3181 573 3228 nemorum
592 3159 763 3244 regiorum
779 3159 862 3226 fines
877 3163 945 3226 nuo
1001 3155 1180 3223 Alsxsndri
1199 3161 1246 3234 1.,
1282 3162 1338 3244 qui
1364 3175 1512 3226 mortum
1544 3175 1596 3226 est
1626 3183 1750 3228 eroon·

199 3267 276 3334 icco
296 3267 457 3332 collectos
473 3281 572 3350 posse
592 3260 726 3328 intueri.
1001 3275 1037 3326 se
1057 3259 1191 3324 soeculo
1211 3262 1268 3326 111.
1297 3263 1339 3330 V.
1359 3264 1419 3341 (1.,
1449 3265 1504 3331 ysl
1531 3265 1667 3330 ineunte
1688 3267 1747 3333 IV.

1001 3365 1195 3433 Postremus
1220 3376 1257 3426 ut
1277 3361 1311 3424 in
1331 3383 1459 3448 regno,
1485 3367 1540 3430 sic
1566 3379 1600 3430 es
1618 3368 1652 3429 in
1679 3388 1748 3432 mc·

454 3497 601 3575 Evflo
611 3493 639 3566 p
646 3502 687 3572 A·
1000 3481 1077 3532 nete
1089 3468 1235 3530 Perseus
1251 3463 1435 3533 debelletus
1451 3469 1639 3534 sliomsnis
1655 3471 1696 3538 V.
1707 3471 1746 3538 C.

267 3672 399 3741 Gellia.
435 3669 550 3738 Semel
570 3685 694 3736 tsutom
714 3663 866 3754 inhujus
886 3687 945 3733 nu·
1063 3671 1248 3755 Illyricum.
1271 3670 1426 3740 Vniversi
1440 3671 1564 3758 lllyrici
1579 3673 1676 3738 nnius
1691 3693 1745 3740 rs·

198 3777 260 3840 nris
283 3775 449 3860 diguitatis
474 3773 592 3839 modus
611 3773 826 3858 exprimitur,
851 3790 944 3837 uem·
1000 3771 1051 3857 gis
1064 3771 1175 3838 Gentii
1195 3795 1312 3837 numus
1333 3771 1484 3858 proditus
1505 3771 1646 3842 eundern
1669 3795 1744 3842 enus

197 3887 267 3962 pet
301 3875 406 3943 REX.
442 3873 783 3954 AALETvstNVS,
816 3875 874 3961 qui
905 3871 943 3938 in
996 3875 1126 3940 Perseo
1142 3874 1305 3940 fortunam
1321 3875 1460 3960 experti.

197 3979 271 4044 siiis
300 3979 449 4043 erunibus
478 3974 649 4044 reticetur.
696 3979 751 4044 De
778 3999 860 4048 vcro
884 3977 945 4042 ltc-
1064 3977 1314 4062 Dyrrhachium
1335 3977 1467 4061 lllyrici.
1510 3977 1662 4067 Iahnius
1676 3995 1746 4047 mc-

196 4101 272 4146 rurs
300 4099 473 4144 rumorum
499 4089 605 4146 sante
629 4079 713 4144 nihii
737 4071 822 4147 certi
847 4077 945 4144 edio·
998 4093 1075 4145 oete
1091 4101 1153 4144 rex
1166 4081 1342 4144 Honestius
1357 4081 1504 4146 incertse
1523 4085 1647 4150 setstis.

194 4179 280 4247 snsri
295 4193 416 4266 potest.
1063 4183 1197 4266 Epirus.
1238 4181 1369 4247 Primus
1402 4184 1436 4244 in
1472 4185 1579 4248 nuruis
1609 4185 1744 4252 Arisbss

264 4285 406 4360 Sicilia,
428 4295 463 4347 et
481 4281 515 4345 in
533 4279 595 4350 hec
762 4315 773 4351 s
998 4285 1154 4370 Philippo
1166 4285 1324 4365 suynus
1338 4301 1496 4364 coaevus,
1517 4285 1652 4351 ultimus
1667 4273 1745 4353 Pto·

261 4385 493 4469 Agrigentum
514 4403 589 4448 cum
609 4387 716 4450 nimis
733 4382 840 4452 dubiis
864 4385 945 4450 1710·
997 4388 1144 4456 lenaeus
1161 4385 1283 4472 Pyrrhi
1300 4405 1416 4471 nepos.

197 4491 308 4565 roris,
337 4485 394 4572 qui
416 4486 479 4550 suit
500 4505 642 4551 roseros
663 4487 785 4553 Geloni
807 4489 945 4572 Syrson·
1059 4489 1447 4554 LacedaemoneNurnns
1462 4487 1664 4575 regiensi,
1685 4491 1742 4574 qui

197 4607 299 4668 esne,
334 4599 369 4654 et
393 4593 482 4673 regis
506 4590 666 4654 Phintias
689 4591 812 4669 certis,
843 4607 943 4676 quens
997 4609 1138 4677 regnum
1159 4591 1354 4676 Spsrtsnnrn
1378 4587 1480 4660 odivit
1504 4592 1593 4659 eires
1623 4611 1743 4660 sununs

195 4691 276 4760 sicit
305 4691 441 4758 Hicetas
474 4691 695 4774 Syracusanus
734 4715 802 4761 non
837 4691 943 4761 multo
1000 4691 1043 4768 V.
1056 4695 1095 4762 0.
1113 4693 1187 4774 445·
1618 4709 1622 4718 '

197 4808 273 4861 sote
289 4793 409 4880 Pyrrhi
426 4793 460 4856 in
477 4791 589 4859 Sicilie
607 4814 760 4884 regnum.
