4444 5558
492 577 537 646 te
953 553 1108 638 NVMI
1145 553 1577 630 ALEXANDRINI.

491 743 704 815 quaecunque
733 719 905 810 aliquando
942 737 1017 808 post
1054 724 1236 808 impensam
1294 742 1354 806 pos
1371 723 1404 782 in
1422 721 1482 785 hac
1504 723 1607 786 classe
1624 719 1883 806 frequentiores,
1908 722 1949 787 11.
1972 741 2043 806 par·

454 913 458 922 ι
489 829 717 916 qualecunque
739 825 880 891 studium
904 825 937 886 in
959 825 1021 888 hac
1042 846 1136 890 causa
1159 825 1239 890 ecrl·
1296 838 1361 890 tem
1383 824 1669 908 chronologicam,
1699 826 1755 889 111.
1777 823 1952 902 fabricam,
1977 843 2041 887 me·

492 933 610 1017 pserit,
626 951 730 1016 aeque
746 930 809 994 sibi
823 927 1038 1009 displicitura,
1054 941 1238 1012 capturum·
1294 928 1425 1002 tellum,
1453 925 1637 1004 modulum,
1659 928 1716 996 lV.
1741 928 1846 1012 ipsum
1869 935 2041 993 numerem

491 1054 556 1119 que
586 1053 662 1099 sero
694 1031 973 1115 experimentum,
1012 1029 1237 1098 exercitationi
1294 1029 1490 1112 catalogum.

490 1155 530 1200 ac
563 1133 684 1217 uigiliis
715 1153 830 1216 parum
865 1130 1077 1215 reapondisse
1110 1131 1235 1195 fructus
1353 1128 1863 1213 Adjumentisad'perliciendum
1881 1129 2042 1213 hocopus

489 1249 658 1321 speratos,
692 1253 832 1319 eumque
861 1234 1042 1298 rectissime
1070 1231 1236 1308 arbitrari,
1294 1253 1370 1296 usus
1405 1253 1494 1310 aum,
1532 1232 1673 1316 primurn
1709 1251 1825 1295 museo
1861 1233 2041 1304 Caesareo,

492 1337 550 1424 qni
576 1337 617 1404 sd
646 1335 885 1421 investigandas
907 1333 1088 1418 Aegyptiae
1112 1333 1239 1397 theolo-
1295 1333 1389 1417 hujus
1412 1333 1524 1404 classis
1546 1346 1696 1410 moneta,
1727 1354 1770 1398 ex
1799 1353 1864 1420 quo
1893 1333 1965 1415 ejus
1992 1352 2043 1396 ca·

493 1440 568 1524 giae
591 1457 703 1504 causas
727 1458 794 1502 nos
822 1437 952 1504 nimiam
979 1433 1125 1530 ςὶκριβιαν
1150 1434 1239 1502 adle·
1295 1437 1438 1519 talogum
1468 1434 1553 1519 typis
1586 1435 1813 1518 vulgaveram,
1864 1435 2042 1519 praeclaris

493 1541 628 1606 rendam
645 1545 751 1626 putat,
773 1542 935 1627 praeclari
954 1537 1241 1620 ejusdictiHors·
1296 1537 1536 1602 secessionibus
1575 1551 1690 1616 auct03
1729 1535 1851 1600 deinde
1886 1537 2043 1621 catalogis

491 1643 571 1706 ιίιιί
584 1661 727 1708 memor:
751 1645 813 1706 Est
830 1645 970 1724 quodam
985 1642 1116 1724 prodire
1133 1653 1240 1715 tenus,
1296 1641 1360 1724 jam
1376 1638 1536 1721 cognitis,
1552 1658 1634 1723 quos
1650 1638 1737 1700 inter
1754 1635 1954 1701 illustriores
1969 1651 2043 1702 eunt

494 1748 527 1808 ss'
545 1747 730 1814 condetur
748 1747 850 1808 ultra.
886 1741 931 1810 Vt
952 1741 1038 1806 enim
1059 1741 1240 1826 Aegyptius
1296 1743 1338 1820 ii,
1371 1744 1426 1829 qui
1454 1761 1570 1809 numoa
1601 1742 1705 1802 musei
1727 1739 1892 1822 Theopoli
1915 1753 1950 1804 et
1972 1740 2045 1802 Ari·

494 1845 588 1914 Nilus
617 1865 709 1908 sunm
733 1843 790 1908 diu
810 1858 907 1926 caput
931 1843 1094 1919 occuluit,
1129 1844 1176 1910 sic
1206 1856 1241 1905 et
1297 1846 1387 1928 gonii
1409 1843 1596 1920 continent,
1627 1863 1809 1926 quanquam
1836 1841 1870 1904 iu
1897 1841 1949 1906 his
1972 1862 2045 1905 cau·

493 1968 586 2013 sunm
611 1946 847 2032 Aegyptiorum
870 1945 934 2022 dii,
960 1960 994 2009 et
1015 1943 1102 2028 qnod
1123 1963 1238 2006 arcane
1296 1948 1386 2010 tione
1407 1967 1488 2030 opus
1505 1959 1573 2020 est,
1601 1945 1676 2030 quia
1706 1964 1823 2008 eorum
1845 1957 1900 2008 ιιι
1924 1943 2043 2010 dictata

407 2051 413 2062 '
492 2051 552 2114 leis
582 2047 627 2114 de
654 2069 697 2131 se¹
722 2049 801 2112 olim
831 2046 1094 2130 praedicaverat,
1130 2058 1240 2129 potest
1295 2063 1350 2113 aut
1371 2049 1456 2132 picta
1477 2066 1715 2132 saepenumero
1737 2045 1873 2125 fallunt,
1901 2060 1969 2109 tum
1988 2067 2045 2109 nu·

494 2151 610 2216 eadem
639 2153 673 2212 in
703 2151 790 2214 hanc
818 2150 903 2212 diem
934 2148 1006 2231 jure
1028 2145 1237 2231 praedicaret
1296 2149 1342 2216 mi
1362 2147 1518 2212 Bandurii
1541 2150 1617 2218 inde
1640 2171 1658 2215 a
1679 2149 1807 2225 Decio,
1840 2149 1982 2234 denique
2011 2161 2046 2213 ιι

494 2251 604 2317 ΤΟΝ.
629 2248 779 2313 EMON.
806 2245 1024 2313 stenholt.
1053 2241 1238 2312 ΟΤΔΕΙΣ.
1296 2252 1473 2316 lectissima
1498 2249 1616 2320 laudati
1643 2252 1788 2334 Zosigse¹
1807 2250 2044 2334 supplements.
2088 2283 2096 2302 ι

494 2349 585 2416 ΠΩ.
609 2343 817 2414 ΘΝΗΤΟΣ.
840 2343 1173 2413 ΑΠΕΚΑΛΤΨΕΝ
1197 2352 1240 2431 ·).
1296 2344 1419 2439 Magno
1443 2355 1539 2418 ctiam
1564 2351 1637 2416 uani
1659 2351 1720 2416 fuit
1745 2353 1913 2436 catalogue
1939 2355 2045 2419 musei

557 2451 608 2516 hd
628 2472 735 2515 meum
751 2451 784 2513 in
802 2452 862 2516 hac
880 2453 988 2536 operia
1005 2466 1097 2538 parte
1116 2451 1242 2516 institu-
1296 2455 1442 2540 Philippi
1457 2454 1498 2518 de
1515 2456 1633 2520 Stosch
1649 2455 1750 2538 ipsius
1768 2457 1967 2538 possessoris
1981 2478 2049 2520 ma·

493 2567 562 2618 tum
587 2552 674 2638 quod
697 2553 828 2629 attinet,
854 2567 991 2618 nonest
1015 2553 1242 2620 mihianimos
1297 2579 1344 2622 ιι
1374 2569 1544 2634 exaratus,
1579 2570 1612 2620 et
1641 2557 1767 2640 petenti
1797 2557 1930 2623 lihellio
1960 2579 2046 2624 anno

497 2671 613 2724 texere
638 2655 819 2740 catalogum
843 2657 987 2720 emnium
1011 2657 1106 2739 hujus
1129 2656 1242 2721 classis
1305 2659 1540 2745 1752missue,
1569 2660 1604 2721 in
1634 2678 1699 2742 quo
1727 2659 1903 2743 pretiosam
1926 2659 2044 2724 horum

495 2778 686 2834 numerum,
712 2777 784 2820 cum
806 2755 894 2840 quod
912 2757 997 2821 istud
1020 2759 1157 2823 instituti
1176 2759 1243 2822 mei
1299 2782 1472 2824 numerum
1499 2759 1759 2845 supellectilem,
1788 2781 1926 2848 eamque
1952 2761 2049 2826 adcu-

497 2861 617 2924 limitcs
647 2869 779 2936 retent,
814 2859 942 2944 jamque
982 2859 1111 2924 abunde
1144 2883 1163 2925 s
1199 2861 1242 2927 ch
1298 2877 1369 2928 rate
1392 2863 1589 2947 descriptam
1615 2863 1747 2947 reperi,
1779 2877 1848 2928 ιιιι
1873 2878 1908 2929 ιι
1930 2865 2048 2929 ιιιιΙι-

497 2963 608 3046 zoega
632 2974 682 3026 est
705 2963 914 3045 praestitum,
942 2975 1009 3026 turn
1035 2963 1124 3048 qued
1140 2979 1244 3048 repe·
1298 2987 1360 3050 gae
1379 2966 1450 3028 HS.
1472 2967 1578 3028 mosei
1599 2966 1632 3028 S.
1652 2966 1800 3031 Floriani
1820 2965 1974 3032 Austriae
1996 2987 2048 3030 su·

489 3067 553 3130 ,tito
576 3061 708 3130 crambe
734 3062 877 3134 lectores
900 3064 1071 3148 fatigarem
1098 3087 1170 3129 nam
1195 3065 1243 3128 in·
1299 3067 1440 3151 perieris
1469 3067 1548 3132 olim
1570 3069 1722 3152 Apostoli
1744 3073 1846 3134 Zeno.
1884 3069 2046 3134 Aroteres

497 3167 539 3231 de
558 3188 587 3252 ¹a
617 3164 801 3230 Commodo
830 3167 884 3230 vix
915 3167 970 3230 alii
1003 3167 1066 3250 jam
1096 3167 1243 3232 illustres
1300 3171 1382 3234 alios
1411 3170 1575 3249 illustres,
1605 3172 1842 3249 Pelleriniam,
1877 3169 2048 3234 Barthele·

497 3270 584 3354 lypi,
613 3283 667 3333 ιιι
696 3269 810 3333 saltent
840 3289 904 3332 non
927 3270 991 3352 jam
1014 3291 1055 3334 ex
1077 3269 1243 3354 prioribus
1295 3295 1426 3358 mystas,
1464 3275 1657 3356 Belleyum,
1698 3275 1774 3358 qui,
1813 3293 1888 3338 cum
1919 3273 2048 3336 occasio

497 3371 621 3456 cogniti
643 3386 837 3447 occurrunt,
864 3373 943 3434 solis
966 3375 1056 3436 andis
1080 3373 1245 3458 inscriptis
1302 3378 1394 3452 tulit,
1416 3395 1531 3440 eorum
1549 3375 1724 3439 nonnullos
1741 3375 1897 3456 edidero,
1919 3373 1986 3438 suis
2003 3374 2050 3438 lc·

498 3473 732 3556 chronologiae
756 3493 852 3538 causa
879 3474 1040 3558 reliquum
1063 3473 1159 3556 hujus
1178 3493 1247 3538 mo·
1301 3477 1350 3543 cis
1370 3475 1529 3544 iudicatos
1547 3477 1706 3561 reperies.

498 3587 594 3638 netse
623 3573 775 3638 meritum
799 3574 1003 3640 facientibus.
1048 3573 1174 3637 Sedulo
1201 3587 1248 3638 ts·

499 3695 575 3739 meu
605 3674 749 3750 carebo,
793 3689 829 3738 ιι
864 3676 945 3738 nihil
980 3677 1051 3760 ejus
1083 3677 1247 3754 emittam,

500 3775 657 3870 quidquid
681 3791 938 3842 commemoratu
960 3777 1092 3864 dignum
1117 3794 1186 3857 ιιι,
1213 3791 1247 3844 ιι
1524 3763 1551 3829 0
1573 3766 1603 3829 Α
1625 3767 1652 3830 Ρ
1674 3767 1755 3838 VT
1799 3771 1824 3832 1·

500 3899 695 3966 quocunque
710 3893 817 3962 'pacto
838 3879 1042 3965 philologiae
1065 3881 1169 3946 studia
1195 3903 1247 3947 er·

500 3997 554 4045 nst
577 3982 747 4066 juratque,
772 3981 819 4047 sie
840 3996 877 4045 nt
896 3985 1053 4066 perlectis
1074 3983 1126 4049 his
1149 3985 1247 4048 abnn-
1374 3969 1454 4056 ΤῙΡι
1477 3971 1574 4052 dulus
1594 3973 1984 4058 classlss'rewnll'wes·

500 4084 542 4148 de
560 4083 666 4149 rideri
685 4083 785 4167 possit
802 4085 978 4150 instructas
996 4087 1120 4167 lector,
1139 4107 1247 4174 neque

501 4187 639 4269 amplias
677 4185 851 4273 quidquam
888 4188 929 4253 sd
966 4189 1061 4274 hujus
1096 4206 1276 4258 monetae.
1368 4194 1524 4282 Plerique
1547 4197 1636 4262 nansi
1656 4195 1871 4261 Alexandrini
1893 4157 1974 4262 deos
1996 4213 2050 4262 ιιι

500 4289 749 4376 intelligentiam
790 4289 990 4356 desiderare.
1034 4293 1115 4376 Ejus
1152 4313 1248 4358 esass
1305 4297 1387 4363 ritas
1404 4318 1532 4374 sacros,
1550 4299 1669 4382 petitos
1689 4299 1759 4362 sive
1777 4323 1795 4364 a
1813 4299 1976 4385 religione
1995 4299 2051 4366 do·

500 4394 689 4458 univercum
719 4393 782 4457 hoc
809 4407 975 4458 sentamea
1004 4395 1037 4457 in
1065 4395 1122 4462 tv.
1143 4395 1248 4482 capita
1305 4401 1457 4474 messias,
1482 4401 1550 4464 aire
1574 4401 1718 4478 Graeca,
1743 4401 1811 4466 sire
1834 4404 1979 4468 Romana
2005 4401 2053 4468 oi·

501 4493 673 4582 dispesco,
708 4516 846 4583 qaorum
877 4500 903 4560 l.
934 4497 1174 4583 complectetur
1202 4513 1249 4588 ty·
1304 4501 1425 4567 ferant.
1468 4505 1520 4568 Ea
1551 4505 1753 4572 Graecorum
1787 4505 1957 4590 disciplina
1987 4505 2052 4570 huc

497 4689 2041 4726 mnu—u*

539 4799 571 4868 a)
591 4795 664 4856 Plut.
682 4795 719 4858 de
739 4797 776 4856 ls.
795 4811 823 4858 et
840 4797 919 4860 Osir.
935 4819 964 4878 p,
979 4819 1016 4858 m.
1033 4811 1096 4868 354.
