4446 5570
507 575 580 658 ιιι
899 571 968 586 ·
1095 561 1323 643 carvr
1357 563 1432 638 xx
1491 625 1494 630 ,

507 739 651 806 nahum
670 739 830 826 propheta
845 753 879 804 ot
895 737 1087 822 legislator,
1115 747 1254 822 propter
1314 736 1487 820 Ohmpico
1505 734 1578 822 sop-
1597 735 1657 802 sod
1673 740 1731 822 qui
1758 759 1861 802 annus
1881 755 1951 802 uon
1972 735 2063 802 cels·

508 843 676 910 doctrinae
698 845 876 908 novitatem
898 841 1039 918 inrisus,
1066 841 1175 924 iugum
1203 859 1255 925 ar·
1309 836 1388 902 lares
1401 837 1478 901 illos
1497 837 1594 902 ludos
1609 839 1800 923 Olympicus
1815 842 1850 903 in
1863 837 1981 918 Elide,
1998 838 2062 906 scd

508 947 621 1031 ripere
644 959 695 1010 ost
717 937 869 1020 euscius,
901 963 1007 1028 aquo
1032 963 1116 1006 anno
1135 960 1254 1006 omues
1310 939 1460 1025 privatim
1478 937 1642 1004 anazarbi
1663 957 1754 1008 actus
1774 942 1930 1028 respicit,
1950 955 1989 1004 ut
2012 941 2068 1004 di·.

507 1047 608 1114 ltodis
636 1047 763 1111 Arabes
792 1046 951 1132 epocham
993 1065 1082 1108 suam
1121 1043 1253 1120 ducunt,
1310 1040 1417 1108 ximus
1438 1043 1472 1103 in
1499 1044 1570 1127 ujus
1593 1044 1683 1107 urbis
1706 1061 1847 1112 moneta.
1890 1045 1982 1109 Alias
2002 1043 2061 1108 de·

509 1171 606 1236 quam
633 1150 790 1232 Hegiram
817 1147 1001 1231 appellant,
1023 1147 1058 1208 id
1082 1159 1155 1213 cst:
1181 1167 1260 1228 per·
1309 1144 1386 1208 iudo
1424 1145 1565 1228 epochas
1603 1160 1696 1210 certo
1726 1148 1901 1230 regionum
1929 1147 2059 1222 unctui,

509 1255 722 1318 secutionem.
763 1248 887 1324 Vides,
908 1268 1024 1316 omncs
1045 1249 1103 1314 itas
1125 1267 1254 1312 comta
1311 1247 1389 1311 uliss
1406 1249 1555 1330 privatim
1571 1247 1753 1312 civitatibus
1771 1249 1873 1312 fuisse
1896 1247 2060 1332 proprios,

509 1331 718 1419 memorabili
748 1349 888 1436 quodam
927 1359 1047 1415 ereutu
1077 1347 1254 1434 proficisci,
1312 1369 1389 1413 mox
1415 1349 1578 1425 diximus,
1613 1361 1646 1414 et
1680 1351 1759 1412 satia
1796 1351 1882 1414 initu
1916 1349 2056 1434 putabit.

510 1468 545 1522 et
564 1475 677 1541 parum
694 1453 852 1528 intereat,
873 1463 982 1514 utrum
1000 1451 1128 1532 inusto,
1150 1472 1190 1516 an
1206 1449 1258 1514 iu·
1310 1451 1451 1516 Romani
1476 1453 1526 1522 osi
1542 1465 1616 1514 sunt
1634 1471 1710 1516 acra
1732 1451 1822 1515 urbis
1843 1474 1923 1517 suas
1948 1451 2061 1516 condi-

511 1571 617 1624 nssto.
660 1556 736 1620 Vt
726 1567 876 1638 integrae
898 1556 1075 1632 nationes,
1098 1556 1146 1619 sic
1165 1573 1258 1618 sacr·
1312 1566 1392 1632 tao,
1426 1573 1565 1639 eamque
1590 1573 1658 1618 nou
1684 1573 1761 1622 raro
1794 1575 1815 1620 a
1842 1553 2059 1640 scriptorium

510 1661 572 1726 aim
601 1659 747 1725 civitates
781 1675 818 1719 ac
849 1655 966 1740 oppida
999 1677 1074 1721 suas
1109 1657 1260 1720 habuere
1313 1656 1379 1718 suia
1416 1659 1601 1738 uam-putatu
1637 1654 1789 1740 legimus.
1842 1656 1894 1718 Ex
1930 1658 2060 1722 calculo

510 1763 655 1849 epochas
683 1770 812 1823 suomet
839 1758 975 1822 arbitrio
1004 1758 1190 1843 adoptatas,
1219 1771 1256 1820 ut
1312 1757 1358 1822 Μ.
1377 1757 1555 1834 Varronis,
1585 1770 1621 1820 ιιι
1644 1769 1782 1822 ιοιιιιιιι·
1801 1758 1998 1822 Plutarchus
2018 1763 2059 1842 ι),

509 1863 660 1950 proximo
677 1859 876 1924 docebitur.
920 1861 1095 1942 Propriam·
1123 1883 1185 1944 per
1208 1860 1256 1944 jo·
1313 1858 1443 1921 condita
1466 1857 1528 1922 fuit
1546 1855 1649 1922 Roma
1668 1858 1872 1942 Olympiadis
1890 1863 1946 1928 Vl.
1974 1883 2060 1926 anno

408 2001 412 2012 ·
510 1987 586 2032 oum
615 1963 678 2029 tibi
703 1960 796 2024 linuit
816 1961 947 2024 Cicero.
989 1961 1051 2024 His
1067 1963 1160 2025 euim
1183 1983 1259 2029 rcr-
1313 1961 1369 2024 111.
1391 1981 1433 2023 ex
1462 1959 1647 2024 antediem
1672 1962 1730 2025 Xl.
1753 1961 1825 2026 lial.
1852 1963 1976 2047 lajas,
2007 1966 2061 2027 oui

413 2115 416 2122 .
508 2068 560 2134 hia
582 2065 698 2133 clausit
726 2063 896 2148 epistolam
919 2063 960 2126 ad
981 2064 1144 2126 Atticum:
1174 2067 1259 2128 Post
1312 2063 1494 2144 respondet
1530 2083 1632 2126 annus
1667 2075 1745 2126 unte
1771 2063 1938 2128 Christum
1965 2069 2060 2146 764„

510 2171 724 2236 Leuctricam
736 2187 883 2250 pugnum
899 2167 954 2228 die
966 2167 1258 2248 septingentesimo
1313 2159 1444 2248 periodi
1465 2164 1608 2226 lulianus
1630 2165 1744 2249 3960„
1770 2185 1837 2250 quo
1861 2165 1983 2230 deinde
2006 2167 2060 2230 dis

509 2274 719 2355 sexagesimo
757 2272 873 2346 quinto
897 2267 943 2350 ¹),
976 2285 1038 2350 qua
1069 2266 1100 2328 ia
1129 2266 1257 2330 occulta
1314 2279 1384 2328 acta
1402 2265 1572 2350 quotannis
1590 2266 1727 2344 Palilia,
1747 2266 1817 2330 sire
1840 2267 1972 2332 Parilis.
2016 2269 2060 2332 dt
2189 2285 2190 2344 1

512 2372 660 2436 oratione
681 2368 844 2440 intellexit
862 2365 997 2432 caedem
1013 2368 1052 2430 P.
1066 2367 1175 2432 Clodii
1195 2365 1258 2430 sibi
1313 2388 1395 2435 reru
1412 2367 1613 2436 Vurronia‘na
1636 2367 1718 2432 huuc
1740 2369 1868 2452 epocha
1890 2353 1993 2436 nona
2014 2371 2061 2434 di-

509 2468 741 2547 inieuaisaimi,
769 2469 861 2552 cujus
885 2468 1032 2532 nantium
1056 2465 1141 2533 tonia
1167 2469 1259 2535 voln-
1314 2484 1368 2543 cto
1386 2489 1470 2532 anuo
1486 2483 1522 2532 ot
1538 2469 1609 2548 die,
1631 2469 1691 2533 scd
1713 2492 1731 2533 a
1755 2473 1905 2554 proxime
1923 2493 2061 2558 aequon-

510 2585 602 2659 ptate
621 2572 763 2654 occepit,
786 2583 821 2632 ιιι
840 2590 894 2632 res
911 2569 1009 2652 digna
1026 2569 1211 2647 rideretur,
1239 2591 1258 2633 a
1315 2571 1400 2635 tibus
1422 2570 1576 2634 liniendis
1598 2571 1754 2635 Ianuariis
1780 2573 1856 2652 ataui
1884 2575 2060 2659 prolcptioi

512 2697 575 2762 qua
593 2671 750 2756 deinceps
770 2685 920 2756 tempora
939 2685 1139 2735 numeraret.
1175 2673 1257 2741 Eum
1313 2673 1430 2735 iuliani
1454 2686 1528 2738 unte
1551 2672 1714 2736 Christum
1735 2673 1809 2758 753.
1838 2673 1978 2744 ducitur.
2023 2682 2059 2742 lu

510 2797 595 2846 voro
629 2775 733 2860 ipsam
760 2771 837 2836 alibi
867 2793 998 2857 quoqne
1024 2771 1178 2840 iudicavit
1205 2772 1257 2835 his
1314 2789 1502 2848 causaest,
1533 2773 1622 2859 quod
1654 2796 1721 2839 non
1751 2776 1827 2839 sutis
1855 2792 1997 2856 constat,
2026 2781 2058 2840 in

510 2877 624 2946 verbis
646 2871 704 2960 ¹³)=
735 2874 901 2960 Ephesum
929 2877 1079 2937 venimus
1099 2895 1121 2936 a
1141 2875 1172 2940 d.
1190 2874 1266 2964 xl.
1314 2899 1413 2964 quem
1440 2878 1515 2942 anni
1539 2875 1654 2940 luliuni
1679 2877 1766 2940 diem
1792 2879 1926 2942 Romuli
1954 2893 2058 2944 aetate

512 2983 591 3050 Kal.
611 2979 705 3044 Sext.
720 2978 929 3058 sexagesimo
945 2989 978 3038 ct
995 2976 1257 3059 quingentesimo
1314 2979 1449 3054 Palilia,
1477 2979 1546 3042 aive
1583 2979 1698 3042 natalis
1734 2979 1846 3056 urbis,
1874 2982 2058 3047 inciderint.

510 3095 586 3164 post
602 3099 749 3166 pugnum
768 3077 947 3142 Bovillum.
1314 3085 1360 3145 At
1387 3079 1565 3146 secundum
1597 3081 1790 3145 sententiam
1809 3082 1924 3150 Verrii
1949 3085 2057 3150 Flacci

577 3183 698 3248 Grnaci
726 3179 929 3265 generatim,
960 3191 1029 3240 tum
1058 3190 1092 3242 ιιι
1119 3177 1259 3241 Romani
1313 3185 1348 3247 in
1374 3182 1465 3246 fastis
1486 3182 1677 3266 Capitolinis
1702 3185 1828 3248 Romae
1854 3185 2004 3251 conditus
2028 3189 2060 3248 in
2082 3187 2091 3206 ⁸

512 3284 645 3370 duplice
667 3282 768 3347 modo
786 3301 887 3346 anuos
905 3279 1034 3363 signare
1062 3294 1137 3344 sont
1159 3281 1258 3357 soliti,
1315 3283 1476 3348 lluleudas
1506 3286 1571 3348 lan.
1610 3287 1684 3348 anni
1723 3289 1910 3372 sequentis,
1940 3308 2058 3374 nempe

511 3391 537 3456 l.
562 3386 744 3453 constitutis
763 3382 918 3468 epochis,
946 3396 983 3446 ut
1007 3401 1083 3445 mox
1107 3379 1258 3458 diximus,
1315 3389 1356 3450 A.
1377 3385 1515 3472 x·,75²·
1538 3383 1699 3449 differtur.
1744 3388 1826 3454 Vtra
1849 3391 1891 3453 ait
1910 3391 2060 3474 probabi-

511 3493 552 3554 11.
568 3486 808 3574 magistratibus
826 3483 1006 3566 eponymis.
1040 3483 1260 3566 Epochaom·
1315 3488 1398 3566 lior,
1429 3485 1565 3549 difficile
1601 3500 1652 3549 eat
1687 3485 1850 3556 arbitrari.
1893 3492 1988 3557 Alias
2010 3492 2062 3555 sd·

510 3595 603 3658 nium
625 3585 867 3661 celeberrima,
897 3599 932 3649 et
959 3603 1043 3669 quac
1064 3584 1105 3647 ud
1126 3584 1257 3648 unirer·
1315 3590 1380 3654 huc
1396 3590 1491 3652 inere
1511 3589 1551 3651 ab
1573 3589 1623 3652 hia
1642 3583 1790 3656 diversae
1811 3595 1993 3658 sentcntiae
2007 3595 2063 3659 Ca·

512 3715 579 3759 sam
602 3689 774 3784 Grueciaru
796 3685 914 3762 valuit,
944 3685 1039 3750 suoru
1061 3683 1260 3771 ludiOlym·
1315 3693 1418 3767 tonis,
1441 3690 1534 3754 Fabii
1556 3692 1717 3769 Pictoris,
1738 3692 1889 3778 Polybii,
1917 3697 2062 3775 Antonii,

512 3797 605 3883 piei,
635 3811 697 3876 qua
721 3787 776 3872 usir
793 3787 971 3873 praecipuo
998 3800 1074 3852 sunt
1102 3807 1168 3852 uou
1191 3808 1261 3852 mc·
1317 3794 1548 3878 aliorumquo,
1577 3795 1619 3859 de
1652 3795 1869 3886 quibus-vido
1891 3799 2063 3864 chronolo·

513 3901 558 3962 do
579 3891 742 3960 annalium
771 3889 970 3974 scriptores,
1000 3888 1181 3955 sedetiam
1205 3893 1260 3956 clii
1317 3915 1396 3979 gos,
1426 3917 1462 3960 ac
1493 3897 1671 3983 praecipue
1693 3899 1886 3965 Panrinium
1919 3899 1972 3982 d),
2003 3904 2065 3968 Po·
2188 3883 2189 3950 ἦ

511 3997 631 4086 puatim
667 4005 760 4067 tum,
800 4009 875 4054 cum
911 3991 1051 4054 illustria
1092 3995 1260 4078 cujusdam
1317 3997 1438 4062 torinna
1453 3999 1504 4080 ⁰),
1527 3999 1662 4085 Pupium
1679 3999 1721 4085 t),
1766 4003 1834 4067 Nos
1855 4005 1889 4066 in
1909 4005 2064 4072 universo
2188 4011 2189 4016 ’

511 4101 591 4168 facti
612 4094 803 4160 memoriam
826 4106 938 4171 carto,
968 4094 1186 4182 omnibusque
1207 4119 1261 4164 co·
1316 4099 1381 4164 ltoc
1414 4117 1517 4184 opero
1540 4101 1777 4170 Varronianam
1808 4107 1914 4170 sacuti
1944 4128 2064 4184 sumus,

513 4205 606 4293 guito
633 4218 718 4266 sono
741 4196 865 4282 placuit
893 4197 1153 4264 cotarellum
1182 4221 1261 4285 apo·
1316 4223 1411 4288 quam
1440 4203 1517 4268 inde
1550 4227 1570 4268 u
1592 4218 1700 4270 morto
1721 4207 1898 4300 Augusti'
1887 4231 1921 4272 ιιι
1954 4229 2065 4274 monu-

512 4307 606 4376 cha
596 4327 630 4370 m
646 4301 753 4368 numia
774 4297 914 4363 necdum
937 4298 1000 4364 luit
1021 4299 1209 4383 observatu,
1232 4306 1260 4372 si
1315 4306 1436 4372 mentis
1475 4305 1616 4393 publicis
1654 4311 1757 4393 magis
1802 4313 1954 4396 usurpari
1991 4332 2065 4378 coo·

510 4414 627 4477 demas
655 4402 822 4471 Anazarbi
851 4401 986 4468 Ciliciae
1015 4425 1153 4470 numos:
1185 4405 1258 4476 GT.
1314 4423 1423 4495 ptam,
1454 4423 1489 4474 et
1516 4427 1603 4473 nuuc
1626 4412 1765 4476 maxime
1794 4413 1931 4498 probari
1959 4415 2065 4480 erudi·

510 4502 663 4578 teron
693 4502 881 4573 oArMn.
914 4503 1015 4572 ΘΖΕ.
1045 4529 1134 4573 unns
1164 4531 1259 4576 sacro
1315 4514 1358 4578 tia
1373 4511 1482 4586 rideo.
1525 4513 1631 4598 Hujus
1656 4515 1836 4598 epochae
1826 4537 1860 4578 ιιι
1877 4517 1977 4584 unico
2000 4532 2065 4583 tau·

549 4739 580 4810 u)
599 4732 701 4796 NL
721 4749 810 4810 ep.1.
902 4735 938 4809 h)
958 4735 998 4792 ad
1013 4736 1103 4796 Attic.
1122 4737 1156 4798 t.
1172 4738 1209 4803 V.
1230 4759 1277 4818 ap.
1295 4753 1338 4807 15.
1433 4745 1464 4816 c)
1484 4743 1514 4801 in
1533 4741 1651 4802 Romul.
1670 4763 1700 4822 p.
1719 4755 1763 4810 23.
1782 4763 1846 4822 seq.
1939 4744 1975 4820 d)
1993 4745 2026 4804 l..
2044 4745 2064 4804 l.

512 4827 677 4886 Fastorum.
752 4825 1222 4904 e)1loctr.tern.l..1X.c.l9.
1296 4831 1329 4904 i)
1349 4829 1421 4894 ent.
1439 4833 1546 4894 Boron.
1567 4833 1606 4892 sd
1620 4833 1657 4898 V·
1675 4835 1709 4894 C.
1732 4847 1811 4902 2055.
1829 4853 1860 4894 ιι.
1881 4845 1924 4900 ιι.
