4446 5570
521 547 594 620 DE
629 542 1333 622 CHARACT.GHRONOLOG.
1630 570 1699 638 5η

158 733 226 783 tum
245 736 364 797 numo,
394 738 501 804 ecquo
527 737 628 782 nureo
657 729 691 782 et
712 736 817 781 aeneo
841 717 907 780 lla-
961 699 1032 803 =quo
1057 717 1245 800 magiatratu
1274 717 1402 782 urbium
1424 739 1587 806 eponymo
1608 724 1705 788 altico

158 823 264 888 driaui
285 821 322 885 lit
343 823 482 886 mentio:
511 821 613 883 ANN.
629 819 904 884 ncccnxxutl.
962 832 1112 905 aepuratc
1152 817 1291 882 articulo
1328 819 1453 906 ogimua
1481 829 1521 908 ⁸).
1579 826 1705 889 Eadem

158 927 261 990 NAT.
282 925 385 994 Vtut.
408 925 447 990 Ρ.
469 919 552 987 CIR.
575 921 692 1000 CON.,
720 942 819 1006 quem
840 941 906 984 am·
950 921 1089 1009 ¹ratione
1111 919 1268 984 nunant·
1293 941 1424 1008 quoque
1450 944 1526 990 auce
1552 927 1706 990 conculca

138 1029 246 1114 plina
276 1025 497 1110 deacriptum,
537 1023 798 1108 explicatamque
829 1020 905 1088 ride
960 1023 1062 1092 iuiaao
1093 1042 1291 1107 epouymoa,
1320 1025 1408 1090 inter
1426 1045 1542 1090 omuea
1564 1043 1706 1106 constat,

157 1130 193 1192 iu
220 1139 352 1192 moneta
378 1127 474 1212 huju·
502 1125 702 1211 imperantia.
738 1123 908 1207 hlagiatre·
964 1145 1047 1212 quoa
1068 1125 1189 1188 aenaim
1211 1123 1276 1209 ipai
1295 1147 1426 1214 quoque
1443 1127 1563 1194 Graeci
1578 1131 1610 1191 iu
1628 1143 1708 1193 tem·

159 1243 213 1294 tua
234 1247 432 1313 opcnymoa,
460 1229 529 1293 uiro
555 1230 611 1314 qui
635 1227 805 1312 quotannis
828 1225 907 1290 lecti
963 1227 1054 1312 poria
1075 1247 1261 1292 mensuram
1283 1228 1464 1308 admiueru,
1485 1245 1522 1295 ut
1536 1231 1624 1295 istud
1641 1248 1709 1295 non

161 1351 247 1398 auno
274 1351 395 1396 noman
422 1330 560 1408 dabant,
590 1329 735 1416 aingulne
760 1328 907 1393 habuere
964 1329 1095 1414 quidem
1125 1327 1233 1408 numi,
1269 1352 1290 1394 a
1318 1331 1435 1417 quihua
1464 1346 1626 1419 perpetuo
1655 1333 1711 1396 ab·
1765 1399 1769 1410 ,

162 1435 318 1502 civitatee.
352 1433 464 1516 hlagui
486 1432 574 1495 iuter
593 1429 654 1494 hoa
676 1431 816 1495 nominis
837 1430 910 1493 fue·
964 1445 1055 1507 aunt,
1083 1431 1143 1495 aed
1164 1449 1343 1512 marmora,
1371 1435 1498 1518 aliaque
1519 1453 1711 1499 monumen·

161 1558 200 1604 re
228 1535 421 1611 archontoa,
457 1533 707 1602 Atheniensium
736 1535 908 1614 oponynni,
965 1546 997 1595 ta
1026 1531 1158 1598 docent.
1200 1533 1307 1620 Atque
1338 1533 1471 1619 duplice
1497 1535 1563 1601 luoc
1592 1535 1709 1612 modo,

162 1658 302 1726 quorum
335 1647 432 1700 artua
455 1633 600 1698 Atheum
633 1655 783 1719 quoque,
820 1633 909 1703 haud
965 1635 1083 1720 partim
1105 1635 1251 1720 epochae
1273 1635 1382 1712 ouuia,
1404 1636 1520 1719 partim
1543 1639 1710 1724 magian-a·

163 1739 262 1806 dubie
291 1751 429 1824 propter
456 1735 548 1800 urbia
570 1735 815 1812 claritudinem,
841 1735 908 1799 ire-
965 1727 1051 1800 til'aua
1072 1737 1240 1822 epouyunia
1258 1737 1405 1802 civitatee
1420 1736 1563 1802 Gr'aecaa
1581 1739 1710 1806 devexo

164 1862 269 1929 quoue
286 1839 318 1902 in
337 1836 569 1904 concinnandis
589 1837 696 1914 santia,
720 1852 755 1902 et
779 1838 909 1902 unirer·
965 1835 1063 1902 etlam
1095 1839 1236 1922 imperio
1267 1859 1343 1903 auca
1373 1859 1564 1903 numerante
1592 1859 1711 1916 annot,

165 1966 199 2008 aa
221 1940 435 2024 chronologia
457 1960 534 2003 naua
554 1940 633 2017 fuit,
664 1937 753 2024 quod
775 1952 910 2023 apparot
967 1951 1093 2004 conatat
1114 1953 1157 2004 ex
1178 1931 1311 2006 novella
1327 1941 1479 2019 XLWL,
1504 1963 1567 2026 qua
1587 1942 1713 2027 praeci

164 2067 206 2112 ex
224 2043 350 2109 celebri
369 2061 534 2106 marmore
550 2040 668 2117 Pario,
689 2039 836 2104 Diodoro
860 2041 912 2102 Si·
966 2041 1073 2126 pitnr,
1097 2053 1134 2104 ut
1150 2041 1297 2106 civitaten
1322 2041 1356 2104 iu
1379 2043 1460 2106 actia
1483 2045 1550 2107 auda
1570 2042 1711 2128 publicio

164 2147 260 2223 culo,
288 2143 434 2229 alliaque.
473 2143 602 2208 Eodem
625 2140 724 2206 ruodo
746 2141 832 2226 apud
853 2142 912 2226 Sy·
967 2157 1102 2228 praeter
1121 2163 1239 2207 annum
1258 2165 1368 2223 ouum,
1394 2165 1492 2229 quem
1517 2165 1712 2232 quocunque

166 2265 340 2314 rucmanoa
376 2243 566 2309 cacerdoteu
602 2241 682 2306 dicti
716 2244 910 2328 amphipoli,
967 2244 1067 2308 modo
1091 2245 1277 2310 inacribero
1304 2260 1563 2324 consueuerant,
1593 2247 1714 2312 adoeri-

166 2349 244 2414 alihi
272 2347 406 2430 atrategi
430 2347 499 2411 aire
520 2359 708 2430 praetcrea,
739 2361 910 2431 prytanea,
967 2346 1087 2411 herent
1105 2363 1225 2412 anuum
1244 2348 1453 2433 imponentia,
1478 2349 1646 2427 conauloa,
1667 2350 1716 2410 in·

167 2446 423 2536 atephanepltori
445 2461 509 2516 ato.
530 2465 633 2513 aunoa
653 2447 839 2534 aignahaut,
869 2448 911 2514 tle
969 2447 1164 2529 dictionem,
1186 2461 1352 2532 mentem,
1373 2450 1471 2516 diem.

721 2903 1057 2992 SECTlO
1114 2903 1174 2991 ll..

169 3153 245 3216 rte
284 3149 581 3228 erocnts,
620 3145 1584 3260 vnsstvrt31³0‚PV120RVM,ttEtht
1621 3150 1718 3214 nro-

238 3305 244 3316 ·
323 3279 1566 3404 necarern'cnrrr1s‚eannnqvntttrrro.

234 3605 358 3704 lhamna
374 3640 438 3704 hoo
454 3637 560 3722 capite
579 3639 761 3723 catalogum
778 3637 917 3716 urbium,
975 3612 1086 3704 addim
1100 3615 1182 3722 'ejua
1206 3638 1300 3705 initio
1323 3641 1357 3704 in
1383 3639 1475 3706 unuin
1497 3640 1586 3704 urbia
1609 3640 1720 3703 condi·

173 3740 389 3834 populorum,
412 3759 547 3824 regum,
573 3742 766 3827 inquorum
789 3755 919 3806 moneta
975 3755 1027 3806 tae
1045 3742 1268 3844 Varrodiuuia.

174 3842 332 3908 hactenua
362 3843 509 3928 epochae
538 3843 614 3907 anni
642 3855 717 3906 aunt
738 3841 918 3920 observati,

374 4044 489 4112 Abilae
507 4044 668 4110 Leucadia
687 4047 895 4133 Decapole‘oa
1030 4087 1075 4102 -
1157 4085 1201 4099 -
1286 4041 1357 4098 -’
1426 3949 1523 4134 τηε.

373 4146 607 4212 dhouiticheua
624 4149 866 4236 Paphlagoniae
886 4175 928 4218 ex
947 4175 1047 4220 numo
1065 4152 1182 4230 dubio,
1201 4150 1292 4216 sorte
1449 4153 1522 4234 803.

301 4294 307 4316 .
373 4251 540 4334 Aegaeum
558 4249 693 4314 Ciliciae
1010 4239 1014 4252 ¹
1154 4261 1156 4266 '
1449 4273 1523 4336 7⁰7⁵

373 4351 584 4438 Agrippiatlia
603 4352 741 4418 iudaeae
780 4389 1331 4409 -----
1350 4354 1523 4418 incautum.

376 4453 594 4519 Alexandriae
610 4454 653 4517 atl
670 4453 773 4520 laeum
793 4459 927 4525 Ciliciae
1034 4494 1078 4510 -
1160 4491 1203 4508 ·-
1288 4489 1331 4518 -·-
1451 4454 1526 4532 0⁰7·

233 4555 239 4574 ⁸
376 4555 770 4636 terminantium,
792 4561 913 4654 forte¹
1033 4597 1077 4612 -
1160 4595 1204 4610 -
1286 4589 1329 4608 ·-
1450 4557 1525 4632 454·
1643 4593 1648 4608 ·

213 4781 244 4848 a)
265 4778 386 4854 capnt.
486 4859 488 4866 Ι
983 4808 991 4814 -
1515 4811 1522 4824 .

240 4887 332 4965 (Vol.
348 4887 428 4968 IV.)
1348 4895 1375 4956 B
1399 4893 1418 4955 b
1441 4891 1462 4954 h
