4444 5558
720 495 917 610 naeus
948 483 1233 608 auctare
1697 555 1742 622 22

195 702 328 769 thridati
347 703 387 772 ab
409 700 565 771 insulanis
589 724 653 768 una
677 723 763 770 cam·
778 703 948 772 tnenurts'
996 725 1073 770 aem
1092 701 1157 769 non
1174 703 1318 785 destitit,
1340 703 1417 794 dum
1434 725 1494 771 rer
1511 705 1587 790 huga
1603 705 1749 770 salutem·
1778 710 1790 730 “·

179 806 355 887 ¹traditur,
380 827 454 872 cum
477 807 573 892 hujus
591 807 758 872 fortunam
782 808 940 900 inclinare
996 823 1194 893 quaereret,
1223 811 1280 896 qui
1303 811 1440 872 Romam
1464 807 1614 886 delatus,
1649 817 1689 872 ct'
1708 825 1744 874 ut

192 923 365 987 cerneret,
386 908 427 972 ad
441 911 564 974 Sullam
580 909 744 996 confugit,
766 932 867 997 aquo
884 912 941 978 be-
994 911 1029 974 iu
1050 931 1191 998 regnum
1207 933 1300 976 suum
1321 911 1569 986 restitueretur,
1591 911 1740 994 supplex,

191 1010 293 1094 aigne
324 1026 478 1098 acceptus
507 1013 540 1074 in
572 1013 694 1076 snitum
716 1015 858 1100 Aegypti
887 1036 940 1079 re·
996 1012 1073 1076 dum
1090 1013 1304 1078 deliberando
1316 1029 1445 1097 tempus
1458 1013 1592 1089 teritur,
1610 1033 1675 1095 quo
1692 1033 1742 1078 es·

192 1133 294 1198 guum
317 1112 391 1178 dats
418 1114 453 1178 in
481 1135 618 1178 arerem
642 1117 809 1180 Berenice
826 1137 941 1180 couse-
997 1130 1047 1180 set
1066 1118 1164 1182 modo
1179 1115 1417 1191 restituendus,
1440 1115 1481 1177 ad
1497 1112 1669 1178 Gabinium
1683 1115 1742 1196 Sy·
1826 1151 1830 1159 t
1860 1137 1871 1148 ·

191 1213 286 1278 brian
302 1215 499 1294 restituitur,
515 1237 578 1301 qua
594 1219 761 1302 postXlX.
780 1218 850 1282 dies
869 1238 941 1283 use·
996 1217 1065 1280 riae
1083 1219 1267 1302 praesidem
1291 1217 1528 1303 proficiscitur,
1548 1229 1584 1280 et
1604 1215 1670 1282 hoc
1687 1216 1742 1282 ad·

191 1337 226 1381 sa
246 1318 492 1402 solusregnum
510 1321 641 1384 retinet.
677 1319 729 1383 Ab
747 1319 941 1416 Alexandri·
995 1319 1125 1401 jurante
1156 1341 1296 1408 regnum
1322 1331 1518 1404 recuperat,
1546 1338 1640 1382 caesa
1662 1339 1740 1382 mox

189 1419 260 1496 nis,
282 1417 400 1505 quibus
417 1439 550 1505 semper
565 1421 705 1499 inrisus,
728 1436 760 1484 et
777 1422 854 1487 inde
869 1443 940 1487 me·
993 1421 1061 1484 lilia
1078 1423 1261 1501 Berenice,
1284 1443 1366 1508 quas
1388 1442 1425 1486 se
1448 1421 1581 1486 absente
1599 1441 1740 1506 regnum

188 1521 331 1586 tuendus
349 1523 488 1606 amplius
505 1543 570 1589 non
588 1525 666 1602 luit,
683 1525 796 1608 pulsus
814 1527 938 1608 Tyrum
995 1527 1139 1609 Aegypti
1153 1511 1291 1588 obtinuit
1300 1537 1452 1608 cooptato
1469 1524 1586 1587 marite
1599 1525 1738 1606 primum

187 1619 294 1706 fugit,
320 1623 377 1686 ubi
397 1625 509 1710 paullo
533 1639 608 1712 post
629 1637 797 1689 contracto
821 1625 937 1689 morbo
992 1625 1187 1707 Cybiosacte
1201 1627 1352 1711 quodam,
1366 1626 1422 1711 qui
1437 1647 1473 1690 se
1490 1628 1648 1710 sanguine
1663 1645 1744 1688 cum

187 1721 277 1790 diem
310 1727 403 1806 obit,
419 1760 422 1768 ·
440 1747 514 1792 cum
540 1741 634 1792 antea
655 1727 842 1803 Romanos,
871 1747 937 1812 quo
992 1728 1179 1794 Seleucidis
1206 1727 1415 1812 coniunctum
1436 1726 1586 1807 larebat,
1617 1725 1738 1790 deinde

190 1846 267 1889 auos
290 1827 529 1908 ulcisceretur,
556 1841 753 1896 testamento
775 1829 935 1895 haeredes
992 1831 1182 1908 Archelao,
1211 1827 1282 1892 stin
1320 1829 1391 1912 cy'us
1420 1829 1600 1906 Archelai,
1639 1848 1745 1914 quem
1805 1829 1816 1852 ⁸
1923 1869 1928 1876 -

189 1929 385 2012 scripsisset.
990 1932 1197 1996 Mithridates
1212 1932 1268 2000 vl.
1290 1932 1377 1994 inter
1391 1931 1589 1994 illustriores
1613 1929 1742 1994 exerci-

987 2047 1040 2098 tas
1064 2035 1116 2098 sui
1138 2034 1243 2096 duces
1260 2033 1382 2102 habuit,
1422 2033 1555 2116 (Strabo
1580 2019 1619 2096 L.
1637 2033 1738 2100 xvta

988 2159 1020 2218 p.
1042 2137 1148 2218 stab.)
1170 2134 1313 2198 Moritur
1333 2137 1375 2204 V.
1393 2137 1431 2198 C·
1449 2145 1523 2218 7⁰4·
1545 2136 1585 2200 A.
1614 2133 1657 2196 X.
1681 2137 1736 2201 50.

988 2237 1144 2323 princeps
1171 2235 1408 2304 immoderatus
1444 2250 1479 2301 et
1516 2235 1737 2319 voluptatibus

249 2337 454 2421 Argenteum
481 2336 656 2403 drachmae
677 2337 804 2417 forma,
832 2357 931 2424 quem
988 2340 1173 2406 immersus.
1216 2340 1332 2408 Dictus
1359 2359 1463 2402 nouus
1484 2338 1641 2400 Bocchus
1665 2339 1741 2403 sire
1827 2363 1832 2372 ·

184 2437 377 2504 Vaillautius
404 2439 480 2504 huic
501 2442 593 2524 regi,
622 2441 706 2520 sed,
728 2457 764 2506 ut
789 2441 931 2518 videtur,
984 2464 1051 2525 per
1074 2441 1315 2519 adulationem,
1347 2442 1418 2506 sire
1444 2452 1580 2524 proptor
1608 2438 1739 2504 formae

489 2169 640 2234 Numi:

184 2560 361 2626 perperam
381 2523 511 2621 tribuit,
531 2542 690 2630 descripsi
706 2565 804 2634 supra
821 2543 856 2607 iu
873 2565 932 2607 uu·
986 2543 1185 2619 illecebras,
1204 2557 1240 2606 ct
1258 2543 1421 2622 Auletes,
1442 2540 1530 2626 quod
1546 2541 1741 2609 choraulam
1860 2595 1863 2606 .

184 2641 246 2704 mis
265 2643 366 2726 patris
383 2644 568 2710 Ptolemaei
584 2647 640 2708 lli.
962 2649 966 2658 '
986 2645 1095 2732 potius
1113 2647 1200 2727 egit,
1221 2666 1317 2728 quam
1332 2665 1461 2730 regem.

1050 2748 1171 2812 Proles
1196 2747 1308 2812 habuit
1327 2749 1532 2844 Ptolempeos
1553 2749 1653 2824 duos,
1677 2745 1740 2830 qui·

205 2878 510 2953 PTOLEMAEVS
524 2884 582 2948 χι,
604 2905 708 2950 ,mm
726 2886 908 2968 Dionysus,
987 2869 1195 2926 successere,
1212 2847 1296 2913 lilius
1316 2850 1522 2934 Tryphonen,
1539 2847 1732 2968 berenicen,

485 2987 638 3048 Aulum,
986 2952 1150 3020 famosum
1165 2953 1393 3036 Cleopatram,
1416 2963 1449 3014 et
1468 2949 1649 3014 Anemosa.

170 3131 181 3142 ¹
249 3149 464 3214 Alexandrini
483 3149 613 3230 audito,
635 3154 800 3217 llomsnos
819 3171 931 3235 supre-

184 3251 244 3314 mis
261 3251 380 3318 tsbulis
396 3253 621 3319 sPtolemaeo
635 3256 677 3318 x.
699 3253 861 3320 haeredes
879 3275 931 3317 re·

183 3353 241 3438 gni
254 3356 467 3434 constitutos,
483 3355 669 3440 vveritique,
685 3375 727 3420 ne
745 3357 780 3418 hi
796 3373 930 3421 vacuam
1055 3353 1162 3434 Caput
1175 3355 1265 3434 regis
1284 3353 1451 3415 redictum
1471 3362 1626 3412 exstante
1644 3363 1731 3414 retra

180 3475 267 3540 rege
286 3456 488 3542 provinciam
506 3471 723 3541 occuparent,
744 3457 930 3522 Ptolemaei
986 3457 1140 3518 tridente.
1197 3443 1521 3516 ΞΒΑΣΙΛΕΩΣ.
1551 3447 1731 3536 moltu-

181 3559 270 3626 th.
307 3561 445 3624 Lathnri
467 3560 554 3624 lilios
581 3559 663 3624 daea
686 3561 806 3625 nothos
830 3559 929 3624 adro·
984 3551 1151 3620 Mlltot‘.
1179 3556 1406 3636 Cornucopiue
1421 3555 1529 3616 radiis
1546 3557 1731 3616 circumdo·

180 3672 275 3738 cant,
304 3651 496 3728 stulterum
520 3664 682 3748 Aegypti,
708 3664 848 3729 alterum
867 3664 928 3745 Cy·
984 3674 1073 3736 tum,
1096 3663 1133 3721 in
1156 3679 1236 3722 urso
1254 3647 1311 3718 ht.
1331 3666 1391 3718 uut
1409 3657 1522 3731 uliud,
1545 3670 1604 3716 out
1628 3653 1727 3719 nihil.

180 3762 234 3846 pri
261 3782 368 3846 regno
390 3765 593 3848 pmelieiunt
636 3768 681 3828 At
701 3766 844 3849 Aegypti
865 3786 927 3828 rer
983 3763 1054 3829 AV.
1072 3781 1115 3824 m.
1127 3782 1172 3828 m.
1188 3761 1258 3822 AR.
1270 3761 1293 3821 1.
1308 3755 1423 3840 (Vaill.
1440 3754 1615 3838 Theupoli,
1631 3756 1728 3818 Pem-
1805 3827 1810 3837 ¹

179 3863 263 3926 nihil
282 3849 413 3930 lirmsm
437 3879 544 3944 rates,
573 3868 635 3932 nisi
660 3868 748 3954 quod
770 3869 930 3932 Romanis
983 3853 1203 3941 sisennus.
1216 3859 1401 3942 christoph.
1418 3856 1634 3922 Wiesioloshi
1649 3857 1725 3921 nob.
1764 3927 1768 3934 ⁴

179 3967 394 4049 probaretur,
416 3967 559 4053 profusis
584 3970 810 4055 largitionibus
833 3991 929 4036 aena·
981 3968 1129 4046 Poloni.)
1204 3977 1209 3984 ’
1623 3991 1625 4000 ,

179 4080 231 4132 tus
255 4059 440 4134 consultum
464 4085 664 4157 extorquet,
694 4071 783 4157 quod
805 4097 862 4138 sua
889 4076 924 4136 in
1046 4071 1195 4132 lllustres
1217 4066 1278 4130 hos
1302 4083 1419 4126 numus
1441 4061 1636 4131 Vaillsntius
1657 4060 1727 4124 alii·

177 4173 364 4257 Aegyptum
393 4173 465 4254 jura
491 4174 658 4242 solidaret.
708 4176 824 4254 Psalle
849 4191 927 4261 post
982 4193 1045 4258 que
1062 4173 1157 4258 hujus
1174 4189 1248 4234 esse
1266 4168 1449 4230 Ptolemaei
1469 4175 1614 4228 smtuunt
1628 4183 1726 4226 causa

179 4273 307 4357 Cyprus
329 4274 580 4357 legemodicas
600 4277 635 4341 ist
653 4279 854 4362 provinciam
872 4301 925 4344 re-
980 4272 1141 4338 tridentis.
1179 4269 1249 4364 Qui
1265 4270 1489 4364 antennam
1502 4265 1669 4336 Bacchum
1686 4285 1723 4328 se
1763 4297 1766 4302 ·

178 4373 323 4474 didimi
352 4377 444 4460 cujus
469 4399 529 4442 rex
556 4400 630 4444 cum
661 4382 725 4444 rim
752 4403 926 4468 opponere
980 4377 1139 4461 appellari
1158 4373 1326 4458 permisit,
1347 4372 1445 4435 facile
1467 4370 1565 4434 etiam
1585 4365 1724 4430 admise-

177 4497 244 4540 non
264 4491 399 4562 posset,
427 4480 544 4544 hausto
567 4496 684 4566 sponte
704 4505 832 4548 veneno
856 4508 923 4550 mo·
978 4480 1023 4542 rit
1047 4499 1167 4542 nomen
1190 4478 1329 4540 alterum
1354 4475 1519 4554 Neptuni,
1549 4482 1721 4555 postquam

177 4579 273 4644 ritur.
318 4578 394 4671 Quo
415 4580 503 4645 facto
528 4585 562 4644 in
588 4585 713 4649 rabiem
734 4601 805 4650 ncta
826 4588 922 4670 plebs
978 4581 1049 4664 ejus
1071 4582 1203 4643 nomine
1226 4576 1382 4642 Gabinius
1402 4571 1603 4668 Archelaum
1625 4571 1721 4635 mari·

177 4680 418 4762 Alexandrina,
452 4683 540 4767 quod
562 4685 685 4750 nullam
710 4711 728 4752 a
753 4709 835 4772 rege
860 4709 921 4756 sno
977 4685 1054 4747 tima
1075 4703 1183 4766 pugn&
1203 4681 1291 4745 Vicit·
1316 4751 1324 4768 ,
1516 4755 1521 4764 ,

177 4780 272 4846 fratri
287 4801 384 4866 opem
403 4784 499 4848 latam
518 4785 613 4862 vidit,
636 4809 771 4855 morere
788 4791 922 4854 seditio.
1039 4785 1147 4847 Alium
1171 4782 1268 4845 etiam
1292 4801 1426 4844 numum
1451 4797 1608 4852 aeneum,
1631 4793 1721 4838 eum·

1288 3185 1436 3252 Num&
