4430 5564
576 571 651 644 na
685 567 873 646 uvuts
906 566 1318 648 cononmnvn.
1636 577 1721 671 iffi

169 747 270 822 jussit
287 743 457 828 Augustus
477 743 548 826 ejus
577 741 726 806 colonias
756 737 916 805 conditor.
975 759 1039 800 non
1062 739 1173 819 ridor,
1203 739 1301 806 urbes
1330 745 1500 828 praeclaro
1527 746 1593 812 boo
1619 743 1721 810 bene·

174 844 260 914 Vida
287 845 488 910 ooloniarum
514 843 654 930 quodum
683 863 781 907 sonan
802 841 920 905 liboru-
974 840 1050 904 linio
1079 855 1206 907 ornatas
1234 865 1299 908 nnn
1330 846 1388 911 abs
1414 867 1472 926 re,
1504 847 1565 910 atsi
1596 847 1629 910 in
1656 849 1723 911 Ro·

108 989 115 998 -
173 941 919 1031 rumsxomplsaliasupruintractatudour·
975 961 1144 1006 manorum
1182 961 1280 1010 sensu
1319 947 1424 1011 minus
1462 949 1621 1033 proprie,
1656 947 1723 1012 didi

172 1049 269 1113 bibus
284 1051 466 1125 outonomis
483 1060 516 1110 ot
530 1049 655 1126 liboris,
670 1059 739 1112 tum
754 1061 787 1110 st
801 1065 918 1110 numos
975 1045 1120 1126 potuisse
1148 1045 1286 1124 liberas,
1319 1063 1353 1113 ot
1383 1049 1424 1113 do
1455 1071 1491 1114 ss
1520 1049 1721 1134 praedicare,

172 1151 335 1238 Hipponis
349 1151 566 1236 Zeugitanao,
589 1169 673 1234 quas
690 1149 725 1211 in
741 1149 849 1212 numia
872 1147 921 1210 di·
977 1144 1065 1228 quod
1096 1159 1181 1210 tusto
1221 1149 1339 1234 servio
1375 1151 1507 1214 Silanus
1549 1153 1723 1236 gesticula-

174 1255 260 1318 oitur
279 1253 463 1329 UBERA,
493 1266 528 1315 st
550 1251 680 1316 colonia
701 1273 719 1314 n
740 1251 849 1313 Plinio
872 1251 920 1333 ju.
967 1245 1065 1310 tione
1096 1247 1241 1313 indicare
1274 1251 1397 1330 voluit,
1435 1253 1517 1314 nibil
1544 1268 1620 1336 post
1640 1247 1722 1318 bss'o

175 1357 286 1434 nioro,
311 1375 376 1440 qno
394 1354 470 1418 looo
487 1365 521 1416 ot
539 1355 667 1436 egimus
682 1351 723 1415 do
740 1350 919 1435 municipio
976 1346 1039 1410 sibi
1056 1346 1185 1413 dossso.
1229 1351 1265 1414 st
1286 1373 1386 1437 orgo,
1409 1355 1496 1439 quod
1518 1355 1645 1438 liugero
1669 1353 1723 1418 ab‹

173 1447 611 1520 librro'Tbibarsiosnsiunr.
976 1446 1109 1511 turdum
1139 1471 1206 1514 non
1240 1466 1310 1532 ost,
1349 1456 1388 1518 ad
1420 1455 1599 1541 jactandam
1638 1458 1724 1522 bano

235 1561 281 1622 At
299 1559 406 1634 onim,
432 1559 460 1620 si
482 1558 563 1620 bauo
580 1555 687 1618 Siloni
706 1553 813 1636 imago
830 1553 920 1617 urbis
978 1570 1067 1613 tuam
1097 1549 1282 1617 libertatum
1311 1554 1442 1620 Italicae
1469 1557 1570 1620 urbas
1602 1559 1723 1643 passim

174 1673 224 1726 est
244 1660 371 1724 liburno
394 1657 571 1732 indicium,
594 1677 654 1720 our
671 1674 710 1718 oa
733 1675 800 1718 non
823 1656 920 1718 otiam
979 1649 1125 1714 Silenum
1142 1667 1291 1740 tanquam
1306 1657 1467 1720 libertatis
1485 1657 1626 1722 indicam
1646 1680 1722 1744 pro·

173 1763 207 1826 iu
236 1761 343 1824 numia
370 1760 498 1823 urbium
521 1759 742 1834 Graecarum,
773 1777 856 1841 quas
887 1771 921 1821 et
977 1771 1137 1835 posuero,
1168 1753 1241 1837 jura
1265 1757 1399 1824 Servius
1422 1751 1521 1822 bomo
1543 1763 1721 1834 Romanus,
1831 1811 1835 1822 .

173 1849 254 1930 τότε
271 1877 364 1928 arunt
380 1863 523 1938 liberas,
541 1875 574 1926 et
588 1859 920 1925 libarae'auotoritats
970 1865 1011 1916 ot
1033 1853 1089 1937 qul
1117 1853 1204 1919 buno
1231 1857 1360 1920 urbium
1382 1860 1565 1924 italicarum
1594 1881 1723 1924 morsm

172 1965 305 2050 publioa
336 1964 547 2041 dicebantur,
577 1973 766 2047 oomparot,
795 1959 855 2023 sed
883 1959 919 2022 in
976 1973 1087 2019 noram
1115 1957 1216 2035 vidit,
1255 1957 1366 2025 dioers
1400 1964 1525 2046 potuit,
1558 1963 1724 2025 oleastrum

173 2069 247 2134 uni,
271 2067 474 2132 „omninum
503 2077 558 2130 „ut
581 2063 830 2148 municipiorum
861 2082 920 2125 nu.
975 2055 1063 2120 buno
1082 2058 1210 2123 urbium
1229 2059 1413 2128 libertatem
1432 2063 1637 2150 significare,
1659 2065 1723 2128 etsi

174 2173 252 2249 mis,
275 2167 455 2253 etquidem
473 2167 535 2244 oio,
558 2182 594 2230 ut
610 2179 643 2230 ot
661 2167 773 2230 burum
790 2163 918 2249 aliquas
975 2159 1086 2223 verbis
1116 2161 1149 2223 in
1178 2162 1326 2238 orations
1355 2189 1412 2230 suu
1441 2167 1547 2230 minus
1576 2167 1720 2250 propriis

173 2273 238 2338 boo
266 2285 344 2356 typo
369 2283 557 2333 constanter
580 2265 805 2330 abstinerent?
849 2265 920 2328 Dil-
975 2273 1145 2340 uteretur,
1167 2284 1240 2328 oum
1260 2287 1322 2350 pro
1341 2267 1455 2332 Sileno
1469 2271 1636 2350 Marsyan,
1658 2288 1721 2351 pro

172 2373 270 2438 boilis
285 2371 398 2438 barolo
414 2370 579 2456 quaestio,
599 2369 651 2432 cui
670 2369 697 2431 ai
712 2367 918 2452 respondero
974 2363 1178 2428 immunitato
1201 2386 1243 2429 ex
1272 2368 1344 2448 juro
1384 2371 1498 2434 Italico
1535 2371 1736 2433 libertatem·

171 2477 306 2558 jubear,
327 2486 461 2558 praeter
484 2473 710 2561 onnjsotnras,
732 2485 766 2534 ot
784 2470 861 2550 bas,
882 2481 918 2532 ut
976 2467 1132 2545 obtrusit,
1155 2487 1220 2554 qno
1240 2469 1317 2534 vitio
1335 2470 1502 2536 inferioris
1523 2473 1595 2538 a'ori
1618 2493 1722 2557 gram·

172 2579 283 2643 multis
309 2575 492 2649 ridebitur,
516 2569 661 2635 infirmas
680 2570 789 2634 intuor
809 2591 862 2635 mo
883 2571 918 2632 in
974 2569 1110 2632 mationa
1130 2570 1246 2654 passim
1268 2571 1441 2652 laborare,
1468 2595 1534 2638 non
1556 2587 1606 2637 ast
1632 2573 1722 2659 quod

172 2691 327 2764 promptu
355 2697 421 2740 non
449 2673 597 2748 habero,
634 2672 722 2757 quod
758 2671 916 2740 adieram.
974 2690 1135 2736 moneam.
1179 2673 1215 2734 Si
1248 2675 1359 2738 ltaliae
1397 2675 1497 2738 urbes
1534 2689 1647 2744 erecto
1686 2679 1722 2739 in

174 2781 385 2846 Tentabimus
404 2774 915 2858 tumen,utounquaroacadut.
973 2771 1055 2835 loris
1090 2773 1204 2838 Sileno
1239 2775 1426 2840 libertatem
1464 2792 1539 2841 sunt
1569 2791 1717 2854 testatae,

173 2888 253 2948 Nam
275 2896 309 2946 st
331 2901 411 2956 nos,
442 2897 508 2940 non
533 2877 639 2940 minus
664 2897 701 2941 ao
722 2879 833 2942 Musas
851 2879 918 2939 lle·
973 2894 1040 2936 non
1062 2873 1200 2950 mirum,
1231 2878 1376 2940 colonias
1407 2900 1537 2964 quoquo
1567 2896 1720 2948 externas

174 2985 305 3052 siodano
323 2989 352 3065 ¹)
974 2976 1025 3058 jus
1054 2975 1142 3038 idam
1173 2975 1234 3038 sibi
1264 2998 1456 3042 conoessum
1478 2983 1596 3047 eodem
1619 2983 1719 3046 modo

975 3081 1118 3141 voluisse
1150 3077 1305 3142 indicare.
1349 3081 1394 3141 Et
1412 3087 1577 3146 ¹vnrovax'
1605 3106 1720 3148 numu·

258 3181 351 3270 lipara
372 3177 489 3263 ψευδεα
509 3185 613 3246 πολλα
633 3185 738 3265 baptis
766 3178 918 3262 ἕτυμοισιι
974 3179 1102 3244 rollll.
1125 3177 1272 3256 urbiam,
1302 3173 1385 3266 quau
1405 3181 1510 3247 Sileni
1533 3197 1609 3267 typo
1640 3206 1718 3248 usao

667 3281 765 3367 ὅμοια.
975 3293 1070 3358 tunt,
1102 3296 1136 3344 ot
1160 3303 1295 3366 quarum
1324 3285 1507 3368 catalogum
1536 3306 1633 3371 supra
1663 3287 1720 3352 do·

976 3381 1099 3459 (limus,
1132 3385 1274 3470 quinquo
1312 3399 1404 3463 sunt,
1434 3408 1512 3471 quas
1536 3403 1626 3452 certa
1650 3388 1718 3452 lids

173 3495 336 3566 Videntur
365 3492 429 3554 boo
458 3503 534 3574 typo
565 3489 647 3552 aliae
676 3487 824 3551 coloniae
851 3506 917 3549 non
976 3486 1316 3568 constatltalioojuro
1334 3487 1475 3572 gavisus,
1492 3488 1614 3554 diserte
1631 3489 1719 3553 istud

175 3618 272 3672 uuas,
296 3613 390 3678 quam
417 3611 499 3677 quae
524 3590 596 3672 juro
616 3589 729 3652 Italion
751 3589 792 3653 ab
817 3589 919 3672 irnpe-
974 3589 1166 3652 testantibus
1184 3589 1343 3670 leisno,
1363 3591 1480 3667 Celso,
1499 3591 1596 3671 (laio,
1615 3593 1720 3656 Paulo

173 3697 335 3788 tatoribus
381 3707 455 3758 sunt
494 3692 643 3755 donatas.
705 3691 831 3754 invexit
868 3691 918 3772 jus
975 3689 1058 3752 lctis
1082 3694 1130 3773 e),
1159 3691 1332 3767 nimirum,
1364 3691 1566 3757 Alexandria
1604 3696 1720 3776 Trous,

173 3801 281 3877 istud,
309 3797 545 3882 amplissimum·
569 3813 645 3858 sano
673 3812 715 3857 ex
740 3792 804 3868 iis,
833 3813 917 3877 quas
974 3793 1140 3875 Berytus,
1174 3791 1362 3872 Laodicea,
1399 3795 1557 3871 Parium,
1599 3793 1718 3880 Tyrus.

174 3901 312 3966 Romani
338 3901 371 3960 in
402 3899 500 3963 urbas
526 3897 685 3961 'oonisrro
715 3908 790 3959 sunt
819 3895 917 3972 soliti,
974 3893 1108 3957 Addars
1145 3906 1217 3958 tuto
1257 3915 1428 3980 possumus
1465 3897 1645 3978 Sidonem,
1683 3900 1720 3964 in

174 4003 408 4068 immunitatem
438 4023 456 4063 s
486 3999 608 4083 tributo
637 3997 751 4081 capitis
781 4010 815 4060 et
843 3998 916 4074 soli,
975 4017 1069 4082 quam
1095 4015 1171 4059 oum
1193 3997 1363 4081 Elagabnli
1383 3999 1495 4081 jussu,
1528 4013 1564 4064 ut
1587 4001 1620 4062 in
1645 4001 1717 4088 ejus

175 4109 362 4189 dictumque
382 4102 444 4164 iuit
460 4101 624 4177 Italicum,
649 4099 737 4185 qaod
752 4102 916 4182 Augustus
974 4111 1104 4162 moneta
1125 4098 1282 4174 diximus,
1304 4101 1456 4165 translatu
1477 4115 1588 4166 assent
1609 4105 1718 4170 omnia

174 4205 369 4276 bonolioium
400 4203 485 4269 istud
515 4203 575 4265 toti
601 4202 712 4266 ltaliae
741 4223 813 4265 esso
842 4221 917 4284 pro·
973 4201 1053 4282 Tyri
1070 4199 1161 4280 jura,
1185 4199 1317 4263 dubium
1343 4225 1410 4266 non
1432 4217 1501 4280 sat,
1528 4207 1718 4272 translatum

173 4312 280 4399 prium
302 4309 424 4385 uoluit,
455 4307 497 4370 da
523 4327 608 4389 quo,
639 4323 681 4366 no
708 4303 839 4386 longior
862 4303 917 4366 bio
975 4303 1580 4390 qnoquejusltalioum,quo'1¹yrus
1603 4321 1717 4372 ornata

174 4411 422 4491 sim„oonsulo
457 4408 542 4493 juris,
565 4408 607 4467 tt.
638 4406 858 4488 interpretas,
879 4424 918 4468 ao
975 4405 1047 4470 fuir.
1092 4403 1166 4496 Quo
1196 4405 1272 4469 loon
1307 4405 1341 4466 in
1379 4406 1587 4485 conjecturas
1622 4429 1715 4472 meas

126 4543 132 4556 ·
172 4517 350 4604 praecipuo
368 4513 557 4576 Bimardum
581 4508 693 4592 pannis
714 4526 751 4569 ao
775 4505 918 4568 diluoido
975 4505 1154 4570 subsidium
1177 4506 1265 4589 jurat
1284 4505 1565 4586 animadvertero,
1587 4529 1629 4572 ex
1649 4522 1720 4574 tsn-

172 4622 255 4685 hano
285 4617 453 4682 materiam
482 4615 690 4698 complexum
713 4605 759 4691 ιὶ).
810 4609 917 4674 Nemo
975 4622 1010 4673 to
1031 4623 1184 4674 monetas
1204 4607 1322 4691 Tyrias
1351 4629 1491 4673 nomano
1518 4609 1553 4670 in
1583 4611 1622 4674 iis
1651 4623 1718 4676 tsn-

207 4831 238 4898 a)
258 4803 410 4902 Theogon.
431 4843 458 4881 v.
475 4835 520 4886 27.
595 4785 630 4895 b)
651 4821 692 4879 ad
708 4821 819 4882 lobsrt.
838 4823 873 4880 Τ.
891 4822 930 4880 11.
948 4841 979 4899 p.
995 4831 1041 4886 85.
1115 4824 1147 4894 c)
1166 4821 1232 4898 llig.
1252 4819 1285 4878 1..
1303 4821 1334 4882 L.
1356 4823 1399 4882 tit.
1421 4793 1464 4888 l5·
1485 4823 1522 4881 do
1542 4825 1663 4884 Canaib.
