<?xml version="1.0" encoding="UTF-8"?>
<!DOCTYPE html PUBLIC "-//W3C//DTD XHTML 1.0 Transitional//EN"
    "http://www.w3.org/TR/xhtml1/DTD/xhtml1-transitional.dtd">
<html xmlns="http://www.w3.org/1999/xhtml" xml:lang="en" lang="en">
 <head>
  <title>
</title>
<meta http-equiv="Content-Type" content="text/html;charset=utf-8" />
  <meta name='ocr-system' content='tesseract 3.04.00' />
  <meta name='ocr-capabilities' content='ocr_page ocr_carea ocr_par ocr_line ocrx_word'/>
</head>
<body>
  <div class='ocr_page' id='page_1' title='image "./doctrinanvmorvm05grangoog/doctrinanvmorvm05grangoog_0336.png"; bbox 0 0 4468 5568; ppageno 0'>
   <div class='ocr_carea' id='block_1_1' title="bbox 414 555 1739 646">
    <p class='ocr_par' dir='ltr' id='par_1_1' title="bbox 414 555 1739 646">
     <span class='ocr_line' id='line_1_1' title="bbox 414 555 1739 646; baseline -0.006 -10"><span class='ocrx_word' id='word_1_1' title='bbox 414 559 606 636; x_wconf 79' lang='lat' dir='ltr'><strong>CAPV&#39;I&#39;</strong></span> <span class='ocrx_word' id='word_1_2' title='bbox 638 557 713 634; x_wconf 81' lang='grc' dir='ltr'><strong>ΧΠ.</strong></span> <span class='ocrx_word' id='word_1_3' title='bbox 750 560 823 632; x_wconf 80' lang='grc' dir='ltr'><strong>ΒΕ</strong></span> <span class='ocrx_word' id='word_1_4' title='bbox 857 555 983 634; x_wconf 81' lang='lat' dir='ltr'><strong>vttB.</strong></span> <span class='ocrx_word' id='word_1_5' title='bbox 1020 557 1324 634; x_wconf 76' lang='lat' dir='ltr'><strong>otttotttntt</strong></span> <span class='ocrx_word' id='word_1_6' title='bbox 1358 560 1519 634; x_wconf 80' lang='lat' dir='ltr'><strong>PROP.</strong></span> <span class='ocrx_word' id='word_1_7' title='bbox 1668 579 1739 646; x_wconf 70' lang='lat'><strong>3¹23</strong></span> 
     </span>
    </p>
   </div>
   <div class='ocr_carea' id='block_1_2' title="bbox 679 1165 1262 1317">
    <p class='ocr_par' dir='ltr' id='par_1_2' title="bbox 679 1165 1262 1317">
     <span class='ocr_line' id='line_1_2' title="bbox 679 1165 1262 1317; baseline -0.019 -1"><span class='ocrx_word' id='word_1_8' title='bbox 679 1165 1064 1317; x_wconf 75' lang='lat' dir='ltr'><strong>c&#39;APvr</strong></span> <span class='ocrx_word' id='word_1_9' title='bbox 1136 1201 1262 1315; x_wconf 69' lang='grc' dir='ltr'><strong>ΧΗ..</strong></span> 
     </span>
    </p>
   </div>
   <div class='ocr_carea' id='block_1_3' title="bbox 195 1531 1745 2056">
    <p class='ocr_par' dir='ltr' id='par_1_3' title="bbox 195 1531 1745 2056">
     <span class='ocr_line' id='line_1_3' title="bbox 379 1531 1594 1690; baseline -0.002 -32"><span class='ocrx_word' id='word_1_10' title='bbox 379 1586 468 1659; x_wconf 84' lang='lat' dir='ltr'><strong>nn</strong></span> <span class='ocrx_word' id='word_1_11' title='bbox 515 1583 851 1662; x_wconf 81' lang='lat' dir='ltr'><strong>ventove</strong></span> <span class='ocrx_word' id='word_1_12' title='bbox 897 1581 1291 1659; x_wconf 75' lang='lat' dir='ltr'><strong>oeternum</strong></span> <span class='ocrx_word' id='word_1_13' title='bbox 1339 1531 1594 1690; x_wconf 57' lang='lat' dir='ltr'><strong>event„</strong></span> 
     </span>
     <span class='ocr_line' id='line_1_4' title="bbox 195 1775 1745 1857; baseline -0.002 -2"><span class='ocrx_word' id='word_1_14' title='bbox 195 1782 333 1856; x_wconf 79' lang='lat' dir='ltr'><strong>svn</strong></span> <span class='ocrx_word' id='word_1_15' title='bbox 364 1779 926 1857; x_wconf 80' lang='lat' dir='ltr'><strong>oonnvnrcanan</strong></span> <span class='ocrx_word' id='word_1_16' title='bbox 964 1779 1098 1855; x_wconf 79' lang='lat' dir='ltr'><strong>ovat</strong></span> <span class='ocrx_word' id='word_1_17' title='bbox 1138 1775 1321 1854; x_wconf 79' lang='lat' dir='ltr'><strong>autre</strong></span> <span class='ocrx_word' id='word_1_18' title='bbox 1360 1776 1745 1854; x_wconf 81' lang='lat' dir='ltr'><strong>ctvrnanen</strong></span> 
     </span>
     <span class='ocr_line' id='line_1_5' title="bbox 778 1973 1347 2056; baseline -0.014 -8"><span class='ocrx_word' id='word_1_19' title='bbox 778 1973 1168 2052; x_wconf 73' lang='lat' dir='ltr'><strong>recensere.</strong></span> <span class='ocrx_word' id='word_1_20' title='bbox 1218 2049 1221 2056; x_wconf 80' lang='grc'>,</span> <span class='ocrx_word' id='word_1_21' title='bbox 1336 2026 1347 2040; x_wconf 64' lang='lat'>„</span> 
     </span>
    </p>
   </div>
   <div class='ocr_carea' id='block_1_4' title="bbox 196 2391 1745 2520">
    <p class='ocr_par' dir='ltr' id='par_1_4' title="bbox 196 2391 1745 2520">
     <span class='ocr_line' id='line_1_6' title="bbox 196 2391 1745 2520; baseline -0.002 -20"><span class='ocrx_word' id='word_1_22' title='bbox 196 2391 374 2518; x_wconf 82' lang='lat' dir='ltr'><strong>Legimus</strong></span> <span class='ocrx_word' id='word_1_23' title='bbox 406 2452 472 2499; x_wconf 84' lang='lat' dir='ltr'><strong>nos</strong></span> <span class='ocrx_word' id='word_1_24' title='bbox 503 2454 578 2500; x_wconf 84' lang='lat' dir='ltr'><strong>raro</strong></span> <span class='ocrx_word' id='word_1_25' title='bbox 609 2435 644 2498; x_wconf 91' lang='lat' dir='ltr'><strong>in</strong></span> <span class='ocrx_word' id='word_1_26' title='bbox 676 2423 782 2500; x_wconf 82' lang='lat' dir='ltr'><strong>uerbis</strong></span> <span class='ocrx_word' id='word_1_27' title='bbox 815 2437 943 2500; x_wconf 86' lang='lat' dir='ltr'><strong>urbium</strong></span> <span class='ocrx_word' id='word_1_28' title='bbox 1002 2433 1191 2499; x_wconf 68' lang='lat' dir='ltr'>Corinthios</span> <span class='ocrx_word' id='word_1_29' title='bbox 1212 2431 1460 2497; x_wconf 61' lang='lat' dir='ltr'><strong>sesenolebsut</strong></span> <span class='ocrx_word' id='word_1_30' title='bbox 1488 2434 1645 2520; x_wconf 78' lang='lat' dir='ltr'><strong>intelligi,</strong></span> <span class='ocrx_word' id='word_1_31' title='bbox 1677 2449 1745 2498; x_wconf 84' lang='lat' dir='ltr'><strong>tum</strong></span> 
     </span>
    </p>
   </div>
   <div class='ocr_carea' id='block_1_5' title="bbox 198 2533 1858 2629">
    <p class='ocr_par' dir='ltr' id='par_1_5' title="bbox 198 2533 1858 2629">
     <span class='ocr_line' id='line_1_7' title="bbox 198 2533 1858 2629; baseline -0.002 -27"><span class='ocrx_word' id='word_1_32' title='bbox 198 2537 239 2602; x_wconf 87' lang='lat' dir='ltr'><strong>nd</strong></span> <span class='ocrx_word' id='word_1_33' title='bbox 268 2536 382 2622; x_wconf 86' lang='lat' dir='ltr'><strong>populi</strong></span> <span class='ocrx_word' id='word_1_34' title='bbox 410 2556 530 2600; x_wconf 84' lang='lat' dir='ltr'><strong>nomen</strong></span> <span class='ocrx_word' id='word_1_35' title='bbox 559 2537 702 2602; x_wconf 80' lang='lat' dir='ltr'><strong>additum</strong></span> <span class='ocrx_word' id='word_1_36' title='bbox 731 2539 869 2603; x_wconf 82' lang='lat' dir='ltr'><strong>alterum</strong></span> <span class='ocrx_word' id='word_1_37' title='bbox 899 2539 945 2601; x_wconf 87' lang='lat' dir='ltr'><strong>ul·</strong></span> <span class='ocrx_word' id='word_1_38' title='bbox 1003 2537 1124 2614; x_wconf 87' lang='lat' dir='ltr'><strong>Siculi,</strong></span> <span class='ocrx_word' id='word_1_39' title='bbox 1162 2533 1414 2618; x_wconf 76' lang='lat' dir='ltr'><strong>Peloponnesii,</strong></span> <span class='ocrx_word' id='word_1_40' title='bbox 1450 2536 1585 2614; x_wconf 85' lang='lat' dir='ltr'><strong>Cretes,</strong></span> <span class='ocrx_word' id='word_1_41' title='bbox 1622 2535 1745 2599; x_wconf 86' lang='lat' dir='ltr'><strong>Rhodii</strong></span> <span class='ocrx_word' id='word_1_42' title='bbox 1780 2620 1785 2629; x_wconf 23' lang='lat'><strong>¹</strong></span> <span class='ocrx_word' id='word_1_43' title='bbox 1855 2551 1858 2564; x_wconf 90' lang='grc'><em>·</em></span> 
     </span>
    </p>
   </div>
   <div class='ocr_carea' id='block_1_6' title="bbox 196 2636 1789 4753">
    <p class='ocr_par' dir='ltr' id='par_1_6' title="bbox 196 2636 1789 4753">
     <span class='ocr_line' id='line_1_8' title="bbox 198 2636 1744 2722; baseline 0 -20"><span class='ocrx_word' id='word_1_44' title='bbox 198 2640 301 2704; x_wconf 85' lang='lat' dir='ltr'><strong>terius</strong></span> <span class='ocrx_word' id='word_1_45' title='bbox 331 2637 463 2722; x_wconf 88' lang='lat' dir='ltr'><strong>popuii,</strong></span> <span class='ocrx_word' id='word_1_46' title='bbox 495 2649 530 2702; x_wconf 90' lang='lat' dir='ltr'><strong>ut</strong></span> <span class='ocrx_word' id='word_1_47' title='bbox 557 2636 844 2705; x_wconf 84' lang='grc' dir='ltr'><strong>ΠΕΡΙΝΘΙΩΝ.</strong></span> <span class='ocrx_word' id='word_1_48' title='bbox 872 2639 945 2703; x_wconf 83' lang='grc' dir='ltr'><strong>ΙΩ-</strong></span> <span class='ocrx_word' id='word_1_49' title='bbox 970 2701 974 2709; x_wconf 74' lang='grc'><strong>,</strong></span> <span class='ocrx_word' id='word_1_50' title='bbox 1001 2641 1125 2702; x_wconf 89' lang='lat' dir='ltr'><strong>Dorice</strong></span> <span class='ocrx_word' id='word_1_51' title='bbox 1153 2637 1186 2698; x_wconf 92' lang='lat' dir='ltr'><strong>in</strong></span> <span class='ocrx_word' id='word_1_52' title='bbox 1212 2636 1318 2698; x_wconf 90' lang='lat' dir='ltr'><strong>nnmis</strong></span> <span class='ocrx_word' id='word_1_53' title='bbox 1344 2636 1510 2719; x_wconf 86' lang='lat' dir='ltr'><strong>loquendo</strong></span> <span class='ocrx_word' id='word_1_54' title='bbox 1532 2639 1640 2700; x_wconf 85' lang='lat' dir='ltr'><strong>Doree</strong></span> <span class='ocrx_word' id='word_1_55' title='bbox 1670 2658 1744 2702; x_wconf 90' lang='lat' dir='ltr'><strong>sese</strong></span> 
     </span>
     <span class='ocr_line' id='line_1_9' title="bbox 198 2733 1744 2823; baseline -0.002 -19"><span class='ocrx_word' id='word_1_56' title='bbox 198 2735 318 2804; x_wconf 78' lang='lat' dir='ltr'><strong>NnN.</strong></span> <span class='ocrx_word' id='word_1_57' title='bbox 340 2739 408 2804; x_wconf 80' lang='lat' dir='ltr'><strong>volt</strong></span> <span class='ocrx_word' id='word_1_58' title='bbox 434 2733 942 2805; x_wconf 78' lang='grc' dir='ltr'><strong>ΕΤΜΕΝΕΩΝ.ΑΧΑΙΩΝ.</strong></span> <span class='ocrx_word' id='word_1_59' title='bbox 1002 2739 1149 2804; x_wconf 76' lang='lat' dir='ltr'><strong>edixere.</strong></span> <span class='ocrx_word' id='word_1_60' title='bbox 1193 2737 1259 2800; x_wconf 82' lang='lat' dir='ltr'><strong>Sed</strong></span> <span class='ocrx_word' id='word_1_61' title='bbox 1296 2737 1337 2800; x_wconf 92' lang='lat' dir='ltr'><strong>de</strong></span> <span class='ocrx_word' id='word_1_62' title='bbox 1375 2735 1463 2800; x_wconf 90' lang='lat' dir='ltr'><strong>binis</strong></span> <span class='ocrx_word' id='word_1_63' title='bbox 1496 2737 1547 2800; x_wconf 89' lang='lat' dir='ltr'><strong>bis</strong></span> <span class='ocrx_word' id='word_1_64' title='bbox 1584 2739 1744 2823; x_wconf 74' lang='lat' dir='ltr'><strong>originem</strong></span> 
     </span>
     <span class='ocr_line' id='line_1_10' title="bbox 199 2837 1746 2924; baseline 0 -20"><span class='ocrx_word' id='word_1_65' title='bbox 199 2854 255 2904; x_wconf 84' lang='lat' dir='ltr'><strong>snt</strong></span> <span class='ocrx_word' id='word_1_66' title='bbox 281 2841 442 2904; x_wconf 85' lang='lat' dir='ltr'><strong>similiter.</strong></span> <span class='ocrx_word' id='word_1_67' title='bbox 488 2841 567 2921; x_wconf 79' lang='lat' dir='ltr'><strong>Ejus</strong></span> <span class='ocrx_word' id='word_1_68' title='bbox 597 2837 744 2902; x_wconf 81' lang='lat' dir='ltr'><strong>addendi</strong></span> <span class='ocrx_word' id='word_1_69' title='bbox 763 2861 857 2904; x_wconf 83' lang='lat' dir='ltr'><strong>ceusu</strong></span> <span class='ocrx_word' id='word_1_70' title='bbox 882 2840 945 2904; x_wconf 76' lang='lat' dir='ltr'><strong>tuit</strong></span> <span class='ocrx_word' id='word_1_71' title='bbox 1001 2863 1089 2905; x_wconf 85' lang='lat' dir='ltr'><strong>suem</strong></span> <span class='ocrx_word' id='word_1_72' title='bbox 1110 2839 1276 2903; x_wconf 80' lang='lat' dir='ltr'><strong>indicendi</strong></span> <span class='ocrx_word' id='word_1_73' title='bbox 1294 2839 1399 2902; x_wconf 84' lang='lat' dir='ltr'><strong>modis</strong></span> <span class='ocrx_word' id='word_1_74' title='bbox 1420 2841 1484 2903; x_wconf 91' lang='lat' dir='ltr'><strong>boc</strong></span> <span class='ocrx_word' id='word_1_75' title='bbox 1504 2840 1661 2904; x_wconf 91' lang='lat' dir='ltr'><strong>loconon</strong></span> <span class='ocrx_word' id='word_1_76' title='bbox 1679 2841 1746 2924; x_wconf 82' lang='lat' dir='ltr'><strong>sgi-</strong></span> 
     </span>
     <span class='ocr_line' id='line_1_11' title="bbox 196 2939 1746 3026; baseline 0.001 -22"><span class='ocrx_word' id='word_1_77' title='bbox 196 2941 339 3026; x_wconf 82' lang='lat' dir='ltr'><strong>duplex,</strong></span> <span class='ocrx_word' id='word_1_78' title='bbox 362 2961 421 3004; x_wconf 87' lang='lat' dir='ltr'><strong>seu</strong></span> <span class='ocrx_word' id='word_1_79' title='bbox 442 2961 516 3004; x_wconf 88' lang='lat' dir='ltr'><strong>cum</strong></span> <span class='ocrx_word' id='word_1_80' title='bbox 539 2939 617 3002; x_wconf 83' lang='lat' dir='ltr'><strong>urbs</strong></span> <span class='ocrx_word' id='word_1_81' title='bbox 636 2941 816 3024; x_wconf 85' lang='lat' dir='ltr'><strong>primorum</strong></span> <span class='ocrx_word' id='word_1_82' title='bbox 834 2941 946 3004; x_wconf 85' lang='lat' dir='ltr'><strong>condi·</strong></span> <span class='ocrx_word' id='word_1_83' title='bbox 1001 2965 1084 3007; x_wconf 84' lang='lat' dir='ltr'><strong>anus.</strong></span> <span class='ocrx_word' id='word_1_84' title='bbox 1123 2941 1243 3024; x_wconf 86' lang='lat' dir='ltr'><strong>Populi</strong></span> <span class='ocrx_word' id='word_1_85' title='bbox 1267 2940 1363 3002; x_wconf 79' lang='lat' dir='ltr'><strong>Asiae</strong></span> <span class='ocrx_word' id='word_1_86' title='bbox 1393 2939 1542 3003; x_wconf 85' lang='lat' dir='ltr'><strong>minoris-</strong></span> <span class='ocrx_word' id='word_1_87' title='bbox 1556 2961 1621 3004; x_wconf 90' lang='lat' dir='ltr'><strong>uon</strong></span> <span class='ocrx_word' id='word_1_88' title='bbox 1650 2941 1746 3026; x_wconf 78' lang='lat' dir='ltr'><strong>ponci</strong></span> 
     </span>
     <span class='ocr_line' id='line_1_12' title="bbox 196 3039 1746 3126; baseline -0.001 -20"><span class='ocrx_word' id='word_1_89' title='bbox 196 3057 323 3116; x_wconf 85' lang='lat' dir='ltr'><strong>torum,</strong></span> <span class='ocrx_word' id='word_1_90' title='bbox 352 3061 512 3126; x_wconf 80' lang='lat' dir='ltr'><strong>suumque</strong></span> <span class='ocrx_word' id='word_1_91' title='bbox 528 3039 611 3103; x_wconf 86' lang='lat' dir='ltr'><strong>adeo</strong></span> <span class='ocrx_word' id='word_1_92' title='bbox 629 3061 731 3124; x_wconf 85' lang='lat' dir='ltr'><strong>genus</strong></span> <span class='ocrx_word' id='word_1_93' title='bbox 749 3042 851 3106; x_wconf 78' lang='lat' dir='ltr'><strong>voluit</strong></span> <span class='ocrx_word' id='word_1_94' title='bbox 868 3064 945 3126; x_wconf 88' lang='lat' dir='ltr'><strong>pro·</strong></span> <span class='ocrx_word' id='word_1_95' title='bbox 1001 3063 1075 3108; x_wconf 86' lang='lat' dir='ltr'><strong>sese</strong></span> <span class='ocrx_word' id='word_1_96' title='bbox 1098 3041 1213 3104; x_wconf 82' lang='lat' dir='ltr'><strong>dixere</strong></span> <span class='ocrx_word' id='word_1_97' title='bbox 1233 3043 1455 3118; x_wconf 83' lang='lat' dir='ltr'><strong>Macedonas,</strong></span> <span class='ocrx_word' id='word_1_98' title='bbox 1482 3062 1619 3126; x_wconf 84' lang='lat' dir='ltr'><strong>quornm</strong></span> <span class='ocrx_word' id='word_1_99' title='bbox 1643 3043 1746 3106; x_wconf 88' lang='lat' dir='ltr'><strong>nomi·</strong></span> 
     </span>
     <span class='ocr_line' id='line_1_13' title="bbox 199 3140 1744 3229; baseline 0 -23"><span class='ocrx_word' id='word_1_100' title='bbox 199 3143 311 3220; x_wconf 83' lang='lat' dir='ltr'><strong>fiteri,</strong></span> <span class='ocrx_word' id='word_1_101' title='bbox 362 3162 421 3205; x_wconf 86' lang='lat' dir='ltr'><strong>sen</strong></span> <span class='ocrx_word' id='word_1_102' title='bbox 464 3162 722 3206; x_wconf 86' lang='lat' dir='ltr'><strong>commemorare</strong></span> <span class='ocrx_word' id='word_1_103' title='bbox 770 3144 944 3229; x_wconf 87' lang='lat' dir='ltr'><strong>populum,</strong></span> <span class='ocrx_word' id='word_1_104' title='bbox 1000 3143 1091 3206; x_wconf 88' lang='lat' dir='ltr'><strong>nain</strong></span> <span class='ocrx_word' id='word_1_105' title='bbox 1112 3141 1260 3223; x_wconf 87' lang='lat' dir='ltr'><strong>subjecto</strong></span> <span class='ocrx_word' id='word_1_106' title='bbox 1283 3140 1432 3224; x_wconf 83' lang='lat' dir='ltr'><strong>catalogo</strong></span> <span class='ocrx_word' id='word_1_107' title='bbox 1457 3143 1682 3226; x_wconf 76' lang='lat' dir='ltr'><strong>proferemus,</strong></span> <span class='ocrx_word' id='word_1_108' title='bbox 1710 3157 1744 3209; x_wconf 88' lang='lat' dir='ltr'><strong>et</strong></span> 
     </span>
     <span class='ocr_line' id='line_1_14' title="bbox 199 3241 1746 3330; baseline 0.001 -22"><span class='ocrx_word' id='word_1_109' title='bbox 199 3264 297 3330; x_wconf 84' lang='lat' dir='ltr'><strong>quem</strong></span> <span class='ocrx_word' id='word_1_110' title='bbox 324 3241 413 3308; x_wconf 79' lang='lat' dir='ltr'><strong>forte</strong></span> <span class='ocrx_word' id='word_1_111' title='bbox 433 3243 467 3304; x_wconf 92' lang='lat' dir='ltr'><strong>in</strong></span> <span class='ocrx_word' id='word_1_112' title='bbox 489 3243 687 3307; x_wconf 35' lang='lat' dir='ltr'><strong>societatem*</strong></span> <span class='ocrx_word' id='word_1_113' title='bbox 702 3243 787 3308; x_wconf 80' lang='lat' dir='ltr'><strong>vilse</strong></span> <span class='ocrx_word' id='word_1_114' title='bbox 810 3260 844 3309; x_wconf 86' lang='lat' dir='ltr'><strong>et</strong></span> <span class='ocrx_word' id='word_1_115' title='bbox 864 3245 945 3329; x_wconf 89' lang='lat' dir='ltr'><strong>juris</strong></span> <span class='ocrx_word' id='word_1_116' title='bbox 1001 3257 1134 3330; x_wconf 88' lang='lat' dir='ltr'><strong>praeter</strong></span> <span class='ocrx_word' id='word_1_117' title='bbox 1153 3243 1214 3306; x_wconf 87' lang='lat' dir='ltr'><strong>bos</strong></span> <span class='ocrx_word' id='word_1_118' title='bbox 1235 3243 1360 3304; x_wconf 79' lang='lat' dir='ltr'><strong>Plinius</strong></span> <span class='ocrx_word' id='word_1_119' title='bbox 1379 3243 1412 3302; x_wconf 93' lang='lat' dir='ltr'><strong>in</strong></span> <span class='ocrx_word' id='word_1_120' title='bbox 1429 3243 1666 3308; x_wconf 73' lang='lat' dir='ltr'><strong>Macedonibus</strong></span> <span class='ocrx_word' id='word_1_121' title='bbox 1687 3268 1746 3310; x_wconf 90' lang='lat' dir='ltr'><strong>nn·</strong></span> 
     </span>
     <span class='ocr_line' id='line_1_15' title="bbox 198 3343 1744 3429; baseline 0.001 -19"><span class='ocrx_word' id='word_1_122' title='bbox 198 3345 465 3410; x_wconf 88' lang='lat' dir='ltr'><strong>communionem</strong></span> <span class='ocrx_word' id='word_1_123' title='bbox 493 3345 640 3411; x_wconf 76' lang='lat' dir='ltr'><strong>adscivit.</strong></span> <span class='ocrx_word' id='word_1_124' title='bbox 680 3345 732 3406; x_wconf 80' lang='lat' dir='ltr'><strong>Ad</strong></span> <span class='ocrx_word' id='word_1_125' title='bbox 755 3345 837 3408; x_wconf 82' lang='lat' dir='ltr'><strong>illud</strong></span> <span class='ocrx_word' id='word_1_126' title='bbox 858 3345 947 3429; x_wconf 89' lang='lat' dir='ltr'><strong>quod</strong></span> <span class='ocrx_word' id='word_1_127' title='bbox 1003 3359 1107 3408; x_wconf 79' lang='lat' dir='ltr'><strong>meret</strong></span> <span class='ocrx_word' id='word_1_128' title='bbox 1141 3344 1329 3408; x_wconf 72' lang='lat' dir='ltr'><strong>Asobilecas</strong></span> <span class='ocrx_word' id='word_1_129' title='bbox 1365 3343 1539 3422; x_wconf 82' lang='lat' dir='ltr'><strong>Aeolidis,</strong></span> <span class='ocrx_word' id='word_1_130' title='bbox 1573 3347 1744 3412; x_wconf 86' lang='lat' dir='ltr'><strong>Caduenos</strong></span> 
     </span>
     <span class='ocr_line' id='line_1_16' title="bbox 197 3445 1789 3532; baseline -0.001 -20"><span class='ocrx_word' id='word_1_131' title='bbox 197 3450 328 3522; x_wconf 75' lang='lat' dir='ltr'><strong>attinet,</strong></span> <span class='ocrx_word' id='word_1_132' title='bbox 371 3459 513 3523; x_wconf 86' lang='lat' dir='ltr'><strong>constat,</strong></span> <span class='ocrx_word' id='word_1_133' title='bbox 551 3446 655 3510; x_wconf 80' lang='lat' dir='ltr'><strong>venies</strong></span> <span class='ocrx_word' id='word_1_134' title='bbox 679 3445 810 3529; x_wconf 79' lang='lat' dir='ltr'><strong>&#39;gentes</strong></span> <span class='ocrx_word' id='word_1_135' title='bbox 846 3448 947 3511; x_wconf 83' lang='lat' dir='ltr'><strong>Grue-</strong></span> <span class='ocrx_word' id='word_1_136' title='bbox 1002 3448 1188 3532; x_wconf 83' lang='lat' dir='ltr'><strong>Pbrygiae,</strong></span> <span class='ocrx_word' id='word_1_137' title='bbox 1233 3457 1267 3507; x_wconf 87' lang='lat' dir='ltr'><strong>et</strong></span> <span class='ocrx_word' id='word_1_138' title='bbox 1309 3447 1610 3526; x_wconf 79' lang='lat' dir='ltr'><strong>Mysoruecedones.</strong></span> <span class='ocrx_word' id='word_1_139' title='bbox 1664 3450 1744 3531; x_wconf 82' lang='lat' dir='ltr'><strong>Ejus</strong></span> <span class='ocrx_word' id='word_1_140' title='bbox 1777 3487 1789 3500; x_wconf 54' lang='grc' dir='ltr'><em>ι</em></span> 
     </span>
     <span class='ocr_line' id='line_1_17' title="bbox 199 3545 1745 3632; baseline -0.002 -18"><span class='ocrx_word' id='word_1_141' title='bbox 199 3570 252 3614; x_wconf 84' lang='lat' dir='ltr'><strong>css</strong></span> <span class='ocrx_word' id='word_1_142' title='bbox 276 3549 347 3614; x_wconf 82' lang='lat' dir='ltr'><strong>sire</strong></span> <span class='ocrx_word' id='word_1_143' title='bbox 374 3547 462 3632; x_wconf 91' lang='lat' dir='ltr'><strong>quod</strong></span> <span class='ocrx_word' id='word_1_144' title='bbox 487 3545 609 3610; x_wconf 90' lang='lat' dir='ltr'><strong>sobolis</strong></span> <span class='ocrx_word' id='word_1_145' title='bbox 631 3547 837 3610; x_wconf 88' lang='lat' dir='ltr'><strong>multitudine</strong></span> <span class='ocrx_word' id='word_1_146' title='bbox 856 3548 946 3612; x_wconf 84' lang='lat' dir='ltr'><strong>lebo·</strong></span> <span class='ocrx_word' id='word_1_147' title='bbox 1004 3571 1105 3615; x_wconf 78' lang='lat' dir='ltr'><strong>censa</strong></span> <span class='ocrx_word' id='word_1_148' title='bbox 1136 3545 1274 3632; x_wconf 77' lang='lat' dir='ltr'><strong>epitheti</strong></span> <span class='ocrx_word' id='word_1_149' title='bbox 1309 3547 1344 3608; x_wconf 88' lang='lat' dir='ltr'><strong>in</strong></span> <span class='ocrx_word' id='word_1_150' title='bbox 1380 3561 1545 3632; x_wconf 88' lang='lat' dir='ltr'><strong>promptu.</strong></span> <span class='ocrx_word' id='word_1_151' title='bbox 1596 3549 1745 3625; x_wconf 82' lang='lat' dir='ltr'><strong>Constat,</strong></span> 
     </span>
     <span class='ocr_line' id='line_1_18' title="bbox 199 3648 1745 3734; baseline -0.001 -21"><span class='ocrx_word' id='word_1_152' title='bbox 199 3665 329 3726; x_wconf 85' lang='lat' dir='ltr'><strong>rorent,</strong></span> <span class='ocrx_word' id='word_1_153' title='bbox 355 3651 424 3714; x_wconf 77' lang='lat' dir='ltr'><strong>site</strong></span> <span class='ocrx_word' id='word_1_154' title='bbox 445 3649 533 3734; x_wconf 87' lang='lat' dir='ltr'><strong>quod</strong></span> <span class='ocrx_word' id='word_1_155' title='bbox 552 3648 776 3712; x_wconf 75' lang='lat' dir='ltr'><strong>istud-civitati</strong></span> <span class='ocrx_word' id='word_1_156' title='bbox 796 3670 872 3714; x_wconf 78' lang='lat' dir='ltr'><strong>sune</strong></span> <span class='ocrx_word' id='word_1_157' title='bbox 892 3671 946 3714; x_wconf 82' lang='lat' dir='ltr'><strong>ex·</strong></span> <span class='ocrx_word' id='word_1_158' title='bbox 1002 3650 1200 3715; x_wconf 75' lang='lat' dir='ltr'><strong>Macedonas</strong></span> <span class='ocrx_word' id='word_1_159' title='bbox 1249 3648 1389 3732; x_wconf 85' lang='lat' dir='ltr'><strong>primum</strong></span> <span class='ocrx_word' id='word_1_160' title='bbox 1439 3650 1500 3713; x_wconf 88' lang='lat' dir='ltr'><strong>sub</strong></span> <span class='ocrx_word' id='word_1_161' title='bbox 1541 3650 1745 3726; x_wconf 79' lang='lat' dir='ltr'><strong>Alexandro,</strong></span> 
     </span>
     <span class='ocr_line' id='line_1_19' title="bbox 199 3749 1761 3837; baseline 0 -23"><span class='ocrx_word' id='word_1_162' title='bbox 199 3751 315 3836; x_wconf 88' lang='lat' dir='ltr'><strong>pedire</strong></span> <span class='ocrx_word' id='word_1_163' title='bbox 347 3750 448 3816; x_wconf 84' lang='lat' dir='ltr'><strong>varias</strong></span> <span class='ocrx_word' id='word_1_164' title='bbox 477 3749 520 3812; x_wconf 91' lang='lat' dir='ltr'><strong>ob</strong></span> <span class='ocrx_word' id='word_1_165' title='bbox 542 3751 861 3830; x_wconf 61' lang='lat' dir='ltr'><strong>conscenderetur,</strong></span> <span class='ocrx_word' id='word_1_166' title='bbox 892 3767 945 3816; x_wconf 90' lang='lat' dir='ltr'><strong>co·</strong></span> <span class='ocrx_word' id='word_1_167' title='bbox 1002 3753 1123 3817; x_wconf 90' lang='lat' dir='ltr'><strong>deinde</strong></span> <span class='ocrx_word' id='word_1_168' title='bbox 1154 3749 1214 3817; x_wconf 89' lang='lat' dir='ltr'><strong>sub</strong></span> <span class='ocrx_word' id='word_1_169' title='bbox 1245 3749 1316 3833; x_wconf 86' lang='lat' dir='ltr'><strong>ejus</strong></span> <span class='ocrx_word' id='word_1_170' title='bbox 1345 3749 1481 3814; x_wconf 87' lang='lat' dir='ltr'><strong>ducibus</strong></span> <span class='ocrx_word' id='word_1_171' title='bbox 1515 3750 1617 3837; x_wconf 84' lang='lat' dir='ltr'><strong>longo</strong></span> <span class='ocrx_word' id='word_1_172' title='bbox 1654 3753 1761 3822; x_wconf 78' lang='lat' dir='ltr'><strong>bello,</strong></span> 
     </span>
     <span class='ocr_line' id='line_1_20' title="bbox 199 3851 1745 3940; baseline 0 -24"><span class='ocrx_word' id='word_1_173' title='bbox 199 3856 298 3917; x_wconf 91' lang='lat' dir='ltr'><strong>lonos</strong></span> <span class='ocrx_word' id='word_1_174' title='bbox 320 3852 473 3917; x_wconf 73' lang='lat' dir='ltr'><strong>aliorsum</strong></span> <span class='ocrx_word' id='word_1_175' title='bbox 497 3851 690 3928; x_wconf 82' lang='lat' dir='ltr'><strong>deduxisse,</strong></span> <span class='ocrx_word' id='word_1_176' title='bbox 712 3853 768 3935; x_wconf 87' lang='lat' dir='ltr'><strong>qui</strong></span> <span class='ocrx_word' id='word_1_177' title='bbox 787 3854 945 3940; x_wconf 85' lang='lat' dir='ltr'><strong>deinceps</strong></span> <span class='ocrx_word' id='word_1_178' title='bbox 1003 3853 1166 3920; x_wconf 84' lang='lat' dir='ltr'><strong>exercitos</strong></span> <span class='ocrx_word' id='word_1_179' title='bbox 1196 3853 1367 3933; x_wconf 76' lang='lat' dir='ltr'><strong>impetratu</strong></span> <span class='ocrx_word' id='word_1_180' title='bbox 1401 3854 1555 3917; x_wconf 86' lang='lat' dir='ltr'><strong>missione</strong></span> <span class='ocrx_word' id='word_1_181' title='bbox 1583 3855 1616 3914; x_wconf 88' lang='lat' dir='ltr'><strong>in</strong></span> <span class='ocrx_word' id='word_1_182' title='bbox 1646 3853 1745 3917; x_wconf 80' lang='lat' dir='ltr'><strong>variis</strong></span> 
     </span>
     <span class='ocr_line' id='line_1_21' title="bbox 199 3955 1747 4039; baseline 0 -21"><span class='ocrx_word' id='word_1_183' title='bbox 199 3976 384 4032; x_wconf 83' lang='lat' dir='ltr'><strong>memores,</strong></span> <span class='ocrx_word' id='word_1_184' title='bbox 412 3955 498 4019; x_wconf 92' lang='lat' dir='ltr'><strong>unde</strong></span> <span class='ocrx_word' id='word_1_185' title='bbox 522 3968 632 4018; x_wconf 82' lang='lat' dir='ltr'><strong>essent</strong></span> <span class='ocrx_word' id='word_1_186' title='bbox 653 3955 810 4036; x_wconf 77' lang='lat' dir='ltr'><strong>proiecti,</strong></span> <span class='ocrx_word' id='word_1_187' title='bbox 837 3955 946 4020; x_wconf 84' lang='lat' dir='ltr'><strong>addita</strong></span> <span class='ocrx_word' id='word_1_188' title='bbox 1002 3955 1306 4039; x_wconf 72' lang='lat' dir='ltr'><strong>Asiaeregionibus</strong></span> <span class='ocrx_word' id='word_1_189' title='bbox 1325 3956 1530 4032; x_wconf 84' lang='lat' dir='ltr'><strong>consedisse,</strong></span> <span class='ocrx_word' id='word_1_190' title='bbox 1554 3976 1593 4019; x_wconf 89' lang='lat' dir='ltr'><strong>sc</strong></span> <span class='ocrx_word' id='word_1_191' title='bbox 1607 3969 1674 4018; x_wconf 88' lang='lat' dir='ltr'><strong>tura</strong></span> <span class='ocrx_word' id='word_1_192' title='bbox 1692 3968 1747 4019; x_wconf 82' lang='lat' dir='ltr'><strong>sut</strong></span> 
     </span>
     <span class='ocr_line' id='line_1_22' title="bbox 202 4055 1746 4143; baseline 0.001 -24"><span class='ocrx_word' id='word_1_193' title='bbox 202 4057 340 4142; x_wconf 87' lang='lat' dir='ltr'><strong>originis</strong></span> <span class='ocrx_word' id='word_1_194' title='bbox 362 4057 528 4119; x_wconf 87' lang='lat' dir='ltr'><strong>mentione</strong></span> <span class='ocrx_word' id='word_1_195' title='bbox 552 4077 640 4117; x_wconf 84' lang='lat' dir='ltr'><strong>suam</strong></span> <span class='ocrx_word' id='word_1_196' title='bbox 663 4055 696 4115; x_wconf 91' lang='lat' dir='ltr'><strong>in</strong></span> <span class='ocrx_word' id='word_1_197' title='bbox 719 4071 856 4121; x_wconf 81' lang='lat' dir='ltr'><strong>matrem</strong></span> <span class='ocrx_word' id='word_1_198' title='bbox 878 4060 946 4142; x_wconf 88' lang='lat' dir='ltr'><strong>pie·</strong></span> <span class='ocrx_word' id='word_1_199' title='bbox 1002 4079 1103 4124; x_wconf 82' lang='lat' dir='ltr'><strong>noves</strong></span> <span class='ocrx_word' id='word_1_200' title='bbox 1131 4056 1194 4120; x_wconf 87' lang='lat' dir='ltr'><strong>sibi</strong></span> <span class='ocrx_word' id='word_1_201' title='bbox 1218 4057 1315 4122; x_wconf 86' lang='lat' dir='ltr'><strong>sedes</strong></span> <span class='ocrx_word' id='word_1_202' title='bbox 1347 4057 1551 4133; x_wconf 81' lang='lat' dir='ltr'><strong>condidisse,</strong></span> <span class='ocrx_word' id='word_1_203' title='bbox 1587 4055 1674 4143; x_wconf 84' lang='lat' dir='ltr'><strong>quod</strong></span> <span class='ocrx_word' id='word_1_204' title='bbox 1703 4057 1746 4120; x_wconf 93' lang='lat' dir='ltr'><strong>de</strong></span> 
     </span>
     <span class='ocr_line' id='line_1_23' title="bbox 200 4157 1747 4244; baseline 0.001 -24"><span class='ocrx_word' id='word_1_205' title='bbox 200 4169 300 4222; x_wconf 87' lang='lat' dir='ltr'><strong>tatem</strong></span> <span class='ocrx_word' id='word_1_206' title='bbox 322 4159 473 4221; x_wconf 81' lang='lat' dir='ltr'><strong>emebant</strong></span> <span class='ocrx_word' id='word_1_207' title='bbox 491 4157 718 4238; x_wconf 76' lang='lat' dir='ltr'><strong>comprobare.</strong></span> <span class='ocrx_word' id='word_1_208' title='bbox 758 4161 806 4223; x_wconf 86' lang='lat' dir='ltr'><strong>lta</strong></span> <span class='ocrx_word' id='word_1_209' title='bbox 833 4161 947 4223; x_wconf 89' lang='lat' dir='ltr'><strong>Perin·</strong></span> <span class='ocrx_word' id='word_1_210' title='bbox 1002 4160 1164 4224; x_wconf 86' lang='lat' dir='ltr'><strong>Docimeo</strong></span> <span class='ocrx_word' id='word_1_211' title='bbox 1190 4160 1353 4244; x_wconf 80' lang='lat' dir='ltr'><strong>Pbrygiae</strong></span> <span class='ocrx_word' id='word_1_212' title='bbox 1381 4160 1516 4223; x_wconf 86' lang='lat' dir='ltr'><strong>historie</strong></span> <span class='ocrx_word' id='word_1_213' title='bbox 1545 4161 1659 4235; x_wconf 89' lang='lat' dir='ltr'><strong>docet,</strong></span> <span class='ocrx_word' id='word_1_214' title='bbox 1692 4173 1747 4222; x_wconf 84' lang='lat' dir='ltr'><strong>sut</strong></span> 
     </span>
     <span class='ocr_line' id='line_1_24' title="bbox 200 4258 1746 4342; baseline 0 -21"><span class='ocrx_word' id='word_1_215' title='bbox 200 4260 262 4322; x_wconf 89' lang='lat' dir='ltr'><strong>tbii</strong></span> <span class='ocrx_word' id='word_1_216' title='bbox 283 4262 385 4324; x_wconf 84' lang='lat' dir='ltr'><strong>Ionos</strong></span> <span class='ocrx_word' id='word_1_217' title='bbox 413 4281 485 4323; x_wconf 87' lang='lat' dir='ltr'><strong>sese</strong></span> <span class='ocrx_word' id='word_1_218' title='bbox 508 4261 541 4320; x_wconf 91' lang='lat' dir='ltr'><strong>in</strong></span> <span class='ocrx_word' id='word_1_219' title='bbox 563 4258 668 4320; x_wconf 83' lang='lat' dir='ltr'><strong>nemis</strong></span> <span class='ocrx_word' id='word_1_220' title='bbox 690 4259 833 4342; x_wconf 81' lang='lat' dir='ltr'><strong>professi</strong></span> <span class='ocrx_word' id='word_1_221' title='bbox 855 4276 945 4340; x_wconf 89' lang='lat' dir='ltr'><strong>suut,</strong></span> <span class='ocrx_word' id='word_1_222' title='bbox 1004 4283 1077 4327; x_wconf 86' lang='lat' dir='ltr'><strong>sese</strong></span> <span class='ocrx_word' id='word_1_223' title='bbox 1100 4282 1173 4326; x_wconf 88' lang='lat' dir='ltr'><strong>cum</strong></span> <span class='ocrx_word' id='word_1_224' title='bbox 1195 4261 1363 4325; x_wconf 79' lang='lat' dir='ltr'><strong>veteribus</strong></span> <span class='ocrx_word' id='word_1_225' title='bbox 1383 4260 1513 4323; x_wconf 89' lang='lat' dir='ltr'><strong>urbium</strong></span> <span class='ocrx_word' id='word_1_226' title='bbox 1534 4262 1651 4324; x_wconf 92' lang='lat' dir='ltr'><strong>incolis</strong></span> <span class='ocrx_word' id='word_1_227' title='bbox 1672 4262 1746 4322; x_wconf 87' lang='lat' dir='ltr'><strong>mis·</strong></span> 
     </span>
     <span class='ocr_line' id='line_1_25' title="bbox 201 4359 1747 4448; baseline 0.001 -25"><span class='ocrx_word' id='word_1_228' title='bbox 201 4362 276 4445; x_wconf 83' lang='lat' dir='ltr'><strong>quie</strong></span> <span class='ocrx_word' id='word_1_229' title='bbox 305 4359 438 4426; x_wconf 89' lang='lat' dir='ltr'><strong>deducti</strong></span> <span class='ocrx_word' id='word_1_230' title='bbox 465 4385 482 4425; x_wconf 92' lang='lat' dir='ltr'><strong>a</strong></span> <span class='ocrx_word' id='word_1_231' title='bbox 505 4361 639 4436; x_wconf 85' lang='lat' dir='ltr'><strong>Samiis,</strong></span> <span class='ocrx_word' id='word_1_232' title='bbox 670 4361 725 4444; x_wconf 89' lang='lat' dir='ltr'><strong>qui</strong></span> <span class='ocrx_word' id='word_1_233' title='bbox 753 4363 849 4424; x_wconf 86' lang='lat' dir='ltr'><strong>lones</strong></span> <span class='ocrx_word' id='word_1_234' title='bbox 878 4365 947 4426; x_wconf 84' lang='lat' dir='ltr'><strong>fue·</strong></span> <span class='ocrx_word' id='word_1_235' title='bbox 1004 4365 1126 4442; x_wconf 82' lang='lat' dir='ltr'><strong>coisse,</strong></span> <span class='ocrx_word' id='word_1_236' title='bbox 1149 4385 1214 4448; x_wconf 87' lang='lat' dir='ltr'><strong>quo</strong></span> <span class='ocrx_word' id='word_1_237' title='bbox 1236 4363 1335 4426; x_wconf 87' lang='lat' dir='ltr'><strong>modo</strong></span> <span class='ocrx_word' id='word_1_238' title='bbox 1356 4363 1494 4425; x_wconf 80' lang='lat' dir='ltr'><strong>Romani</strong></span> <span class='ocrx_word' id='word_1_239' title='bbox 1515 4362 1571 4438; x_wconf 90' lang='lat' dir='ltr'><strong>iis,</strong></span> <span class='ocrx_word' id='word_1_240' title='bbox 1593 4363 1649 4446; x_wconf 91' lang='lat' dir='ltr'><strong>qni</strong></span> <span class='ocrx_word' id='word_1_241' title='bbox 1671 4382 1747 4427; x_wconf 91' lang='lat' dir='ltr'><strong>con·</strong></span> 
     </span>
     <span class='ocr_line' id='line_1_26' title="bbox 199 4462 1747 4557; baseline 0.001 -32"><span class='ocrx_word' id='word_1_242' title='bbox 199 4485 266 4531; x_wconf 72' lang='lat' dir='ltr'><strong>re..</strong></span> <span class='ocrx_word' id='word_1_243' title='bbox 292 4462 482 4557; x_wconf 78' lang='lat' dir='ltr'><strong>Quanquam</strong></span> <span class='ocrx_word' id='word_1_244' title='bbox 512 4465 545 4524; x_wconf 92' lang='lat' dir='ltr'><strong>in</strong></span> <span class='ocrx_word' id='word_1_245' title='bbox 572 4463 678 4524; x_wconf 81' lang='lat' dir='ltr'><strong>nuntie</strong></span> <span class='ocrx_word' id='word_1_246' title='bbox 700 4477 734 4525; x_wconf 88' lang='lat' dir='ltr'><strong>et</strong></span> <span class='ocrx_word' id='word_1_247' title='bbox 756 4464 811 4526; x_wconf 84' lang='lat' dir='ltr'><strong>ulii</strong></span> <span class='ocrx_word' id='word_1_248' title='bbox 834 4486 948 4529; x_wconf 89' lang='lat' dir='ltr'><strong>occur·</strong></span> <span class='ocrx_word' id='word_1_249' title='bbox 1002 4466 1099 4530; x_wconf 77' lang='lat' dir='ltr'><strong>fectis</strong></span> <span class='ocrx_word' id='word_1_250' title='bbox 1126 4465 1295 4548; x_wconf 86' lang='lat' dir='ltr'><strong>stipendiis</strong></span> <span class='ocrx_word' id='word_1_251' title='bbox 1326 4478 1438 4540; x_wconf 87' lang='lat' dir='ltr'><strong>erant,</strong></span> <span class='ocrx_word' id='word_1_252' title='bbox 1468 4485 1529 4548; x_wconf 90' lang='lat' dir='ltr'><strong>per</strong></span> <span class='ocrx_word' id='word_1_253' title='bbox 1558 4465 1747 4548; x_wconf 79' lang='lat' dir='ltr'><strong>Hispaniam</strong></span> 
     </span>
     <span class='ocr_line' id='line_1_27' title="bbox 201 4564 1748 4650; baseline 0.003 -24"><span class='ocrx_word' id='word_1_254' title='bbox 201 4578 277 4627; x_wconf 88' lang='lat' dir='ltr'><strong>runt</strong></span> <span class='ocrx_word' id='word_1_255' title='bbox 306 4566 504 4650; x_wconf 90' lang='lat' dir='ltr'><strong>metropolin</strong></span> <span class='ocrx_word' id='word_1_256' title='bbox 534 4564 711 4648; x_wconf 86' lang='lat' dir='ltr'><strong>profitendi</strong></span> <span class='ocrx_word' id='word_1_257' title='bbox 740 4566 848 4639; x_wconf 89' lang='lat' dir='ltr'><strong>modi,</strong></span> <span class='ocrx_word' id='word_1_258' title='bbox 886 4588 947 4631; x_wconf 87' lang='lat' dir='ltr'><strong>seu</strong></span> <span class='ocrx_word' id='word_1_259' title='bbox 1003 4582 1061 4633; x_wconf 86' lang='lat' dir='ltr'><strong>sut</strong></span> <span class='ocrx_word' id='word_1_260' title='bbox 1078 4565 1179 4630; x_wconf 87' lang='lat' dir='ltr'><strong>urbes</strong></span> <span class='ocrx_word' id='word_1_261' title='bbox 1201 4564 1428 4641; x_wconf 83' lang='lat' dir='ltr'><strong>aedificarunt,</strong></span> <span class='ocrx_word' id='word_1_262' title='bbox 1453 4577 1509 4628; x_wconf 87' lang='lat' dir='ltr'><strong>aut</strong></span> <span class='ocrx_word' id='word_1_263' title='bbox 1530 4587 1588 4630; x_wconf 87' lang='lat' dir='ltr'><strong>eos</strong></span> <span class='ocrx_word' id='word_1_264' title='bbox 1612 4567 1748 4631; x_wconf 87' lang='lat' dir='ltr'><strong>urbibus</strong></span> 
     </span>
     <span class='ocr_line' id='line_1_28' title="bbox 201 4666 1747 4753; baseline -0.003 -21"><span class='ocrx_word' id='word_1_265' title='bbox 201 4668 305 4753; x_wconf 83' lang='lat' dir='ltr'><strong>typis,</strong></span> <span class='ocrx_word' id='word_1_266' title='bbox 332 4688 392 4732; x_wconf 87' lang='lat' dir='ltr'><strong>scu</strong></span> <span class='ocrx_word' id='word_1_267' title='bbox 421 4667 622 4731; x_wconf 88' lang='lat' dir='ltr'><strong>inscribendi</strong></span> <span class='ocrx_word' id='word_1_268' title='bbox 644 4666 781 4732; x_wconf 80' lang='lat' dir='ltr'><strong>ratione.</strong></span> <span class='ocrx_word' id='word_1_269' title='bbox 820 4670 866 4732; x_wconf 89' lang='lat' dir='ltr'><strong>lta</strong></span> <span class='ocrx_word' id='word_1_270' title='bbox 888 4669 948 4750; x_wconf 86' lang='lat' dir='ltr'><strong>Sy·</strong></span> <span class='ocrx_word' id='word_1_271' title='bbox 1001 4671 1065 4752; x_wconf 81' lang='lat' dir='ltr'><strong>jesu</strong></span> <span class='ocrx_word' id='word_1_272' title='bbox 1091 4667 1267 4731; x_wconf 85' lang='lat' dir='ltr'><strong>aedificatis</strong></span> <span class='ocrx_word' id='word_1_273' title='bbox 1291 4667 1554 4752; x_wconf 82' lang='lat' dir='ltr'><strong>adscripserunt,</strong></span> <span class='ocrx_word' id='word_1_274' title='bbox 1580 4688 1662 4752; x_wconf 88' lang='lat' dir='ltr'><strong>quse</strong></span> <span class='ocrx_word' id='word_1_275' title='bbox 1686 4667 1747 4729; x_wconf 80' lang='lat' dir='ltr'><strong>suit</strong></span> 
     </span>
    </p>
   </div>
   <div class='ocr_carea' id='block_1_7' title="bbox 199 4769 1746 4932">
    <p class='ocr_par' dir='ltr' id='par_1_7' title="bbox 199 4769 1746 4932">
     <span class='ocr_line' id='line_1_29' title="bbox 200 4769 1746 4854; baseline -0.002 -21"><span class='ocrx_word' id='word_1_276' title='bbox 200 4770 349 4835; x_wconf 86' lang='lat' dir='ltr'><strong>recuseni</strong></span> <span class='ocrx_word' id='word_1_277' title='bbox 370 4770 533 4852; x_wconf 87' lang='lat' dir='ltr'><strong>insculpto</strong></span> <span class='ocrx_word' id='word_1_278' title='bbox 556 4769 800 4832; x_wconf 85' lang='lat' dir='ltr'><strong>Corinthiorum</strong></span> <span class='ocrx_word' id='word_1_279' title='bbox 819 4771 946 4854; x_wconf 80' lang='lat' dir='ltr'><strong>Pegaso</strong></span> <span class='ocrx_word' id='word_1_280' title='bbox 1000 4773 1151 4850; x_wconf 84' lang='lat' dir='ltr'><strong>Italicae,</strong></span> <span class='ocrx_word' id='word_1_281' title='bbox 1181 4771 1360 4846; x_wconf 76' lang='lat' dir='ltr'><strong>Patriciae,</strong></span> <span class='ocrx_word' id='word_1_282' title='bbox 1389 4784 1422 4832; x_wconf 89' lang='lat' dir='ltr'><strong>et</strong></span> <span class='ocrx_word' id='word_1_283' title='bbox 1443 4769 1610 4832; x_wconf 78' lang='lat' dir='ltr'><strong>Emeritae</strong></span> <span class='ocrx_word' id='word_1_284' title='bbox 1641 4771 1746 4852; x_wconf 67' lang='lat' dir='ltr'><strong>origo,</strong></span> 
     </span>
     <span class='ocr_line' id='line_1_30' title="bbox 199 4867 1508 4932; baseline -0.002 0"><span class='ocrx_word' id='word_1_285' title='bbox 199 4867 203 4874; x_wconf 74' lang='grc'><strong>’</strong></span> <span class='ocrx_word' id='word_1_286' title='bbox 606 4873 609 4882; x_wconf 84' lang='grc'>’</span> <span class='ocrx_word' id='word_1_287' title='bbox 1406 4873 1428 4932; x_wconf 82' lang='grc'>8</span> <span class='ocrx_word' id='word_1_288' title='bbox 1452 4893 1466 4932; x_wconf 93' lang='lat' dir='ltr'><strong>s</strong></span> <span class='ocrx_word' id='word_1_289' title='bbox 1491 4891 1508 4930; x_wconf 82' lang='lat' dir='ltr'><strong>n</strong></span> 
     </span>
    </p>
   </div>
   <div class='ocr_carea' id='block_1_8' title="bbox 0 0 2246 5568">
    <p class='ocr_par' dir='ltr' id='par_1_8' title="bbox 0 0 2246 5568">
     <span class='ocr_line' id='line_1_31' title="bbox 0 0 2246 5568; baseline 0 0"><span class='ocrx_word' id='word_1_290' title='bbox 0 0 2246 5568; x_wconf 95' lang='lat' dir='ltr'><strong> </strong></span> 
     </span>
    </p>
   </div>
  </div>
 </body>
</html>
