4468 5568
483 557 554 627 oth
693 537 883 612 CAPVT
913 535 988 608 ΧΠ.
1027 535 1102 608 DE
1140 533 1620 608 VRB..011161NEM
1655 533 1825 604 Phor.

482 708 647 776 Vtrumvis
671 707 807 783 iactum,
833 717 984 788 poterant
1009 723 1044 768 se
1073 703 1226 787 oppidani
1283 704 1398 785 Agng.
1444 704 1488 764 At
1526 701 1650 766 varient
1685 703 1804 781 Lxx„
1846 703 1901 790 qui
1937 708 2032 769 Ama·

482 831 662 895 eorumque
701 808 826 892 posteri
861 804 1055 870 Macedonas
1092 807 1225 883 dicere,
1282 825 1359 867 num
1378 801 1463 865 hinia
1486 804 1567 866 locis
1592 805 1870 888 nonAgogt'tcm,
1896 805 1957 871 sed
1974 803 2033 869 na·

481 913 550 978 sire
580 911 668 996 quod
697 911 762 994 ipsi
792 908 883 972 urbia
917 923 1067 970 auctores
1098 920 1224 982 essent,
1282 927 1372 992 paror
1401 903 1591 987 faciente),
1633 925 1670 970 ac
1707 905 1817 990 paullo
1854 921 1928 991 post
1963 905 2027 973 hoo

482 1017 551 1078 aire
581 1011 670 1100 quod
698 1033 772 1095 pers
800 1009 890 1074 urbia
917 1009 1061 1072 nobilior
1082 1020 1227 1071 contem·
1282 1008 1380 1069 etiem
1404 1025 1523 1068 nomeu
1549 1009 1711 1090 aspernati
1736 1006 1905 1093 adfingunt
1930 1009 2028 1088 alind,

482 1116 546 1199 ptis
568 1115 680 1197 ntique
702 1111 864 1196 indigenis
894 1110 1038 1175 barbaris
1067 1108 1226 1172 haheren·
1282 1107 1465 1190 diciturque
1493 1107 1557 1170 illis
1581 1112 1683 1172 Amen
1713 1109 1800 1173 lilius
1830 1106 2028 1192 Apsdailso'

483 1230 545 1280 tur.
589 1217 682 1280 Haec
712 1214 774 1276 rite
805 1226 840 1276 et
870 1233 910 1275 ex
941 1212 1096 1298 historiae
1128 1229 1225 1275 verne
1281 1201 1529 1292 MAKEdstN
1557 1207 1599 1291 f).
1643 1209 1825 1286 Hebraice,
1856 1226 1891 1276 et
1925 1213 2026 1276 Lxx.

365 1375 372 1382 .
483 1319 667 1401 praeceptis
695 1318 867 1378 constituta
898 1315 1060 1379 existimo.
1100 1315 1224 1382 Verum
1280 1309 1500 1393 interpretum
1519 1309 1641 1372 Esther
1670 1312 1754 1377 ultre
1781 1328 1876 1394 eaput
1897 1314 1937 1374 X.
1962 1335 2025 1378 non

483 1420 579 1485 altius
597 1415 750 1479 Paneliua
775 1415 991 1479 Macedonum
1013 1435 1133 1477 nomen
1156 1414 1226 1496 plu·
1281 1409 1549 1494 progrediuntur.
1596 1413 1647 1472 Ad
1677 1414 1838 1497 vulgatam
1867 1414 1955 1498 quod
1985 1429 2030 1480 at·

482 1521 573 1585 ribus
592 1519 690 1583 Asine
710 1517 846 1579 minoris
871 1517 1000 1600 populis
1027 1514 1126 1578 tribui
1151 1514 1226 1576 aoli-
1284 1513 1386 1588 tinet,
1428 1532 1486 1588 en,
1530 1515 1657 1598 quoties
1702 1529 1809 1578 textos
1847 1515 2029 1582 Hebraioua

482 1639 551 1687 tum
590 1619 718 1684 orditur
749 1619 791 1700 ·)·
841 1619 979 1694 Narrat,
1015 1625 1115 1682 totam
1149 1616 1226 1680 fere
1283 1627 1414 1700 praesto
1442 1612 1521 1688 fuit,
1558 1635 1691 1698 semper
1719 1618 1835 1695 vertit,
1874 1631 1909 1680 ut
1943 1618 2027 1696 dixi,

487 1725 596 1790 Asiam
625 1721 786 1784 minorem
816 1719 1037 1802 antiquissimo
1066 1737 1148 1784 aevo
1185 1717 1233 1780 di·
1288 1717 1403 1800 Agag.
1442 1715 1609 1798 Deinceps
1640 1719 1730 1800 (nam
1752 1719 1785 1780 in
1808 1740 1866 1784 sex
1892 1720 1956 1784 alie
1983 1742 2032 1788 oe·

485 1843 567 1894 ctam
605 1820 851 1897 Macedoniarn,
895 1818 994 1904 idque
1036 1819 1151 1902 probat
1189 1840 1232 1883 ex
1285 1817 1353 1900 pita
1371 1817 1536 1900 procurrit
1557 1837 1598 1879 ex
1617 1833 1729 1882 vetere
1749 1821 1945 1905 Hieronymi
1961 1843 2030 1890 ver·

485 1930 571 1992 libro
607 1924 759 1987 Eutherio
782 1921 832 2002 h),
871 1920 929 1983 ubi
965 1921 1085 1986 dicitur
1116 1922 1231 1984 Amen
1286 1919 1396 2000 sione)
1428 1919 1497 2000 ipsa
1527 1940 1657 2004 quoque
1690 1922 1810 1999 variet,
1848 1938 1944 2009 atque
1984 1925 2033 1987 illi

474 2030 576 2116 filius
592 2023 784 2090 Amadethi
798 2036 831 2084 et
849 2027 959 2086 animo
979 2035 1012 2085 ct
1024 2017 1124 2106 gerite
1138 2023 1233 2085 MA·
1287 2021 1403 2084 Aurem
1445 2023 1507 2103 jam
1552 2035 1601 2082 eat
1643 2024 1822 2106 Agegitea,
1863 2026 1929 2110 jam
1971 2027 2033 2089 Bu·

489 2130 633 2203 0500,
653 2127 845 2203 alienusque
862 2127 1074 2188 uPersarrrm
1097 2127 1233 2204 sangni-
1288 2143 1388 2207 gaeon
1411 2127 1461 2197 e),
1477 2121 1540 2204 jam
1557 2123 1696 2186 Macedo
1716 2122 1759 2209 11).
1792 2125 1958 2192 Habemus
1975 2127 2033 2214 igi·

486 2253 536 2294 ne.
563 2227 704 2291 Additur
719 2245 795 2288 mox
809 2224 893 2287 infre
915 2231 963 2306 ⁰):
990 2227 1252 2306 lrccccgitarrs„
1286 2236 1341 2286 tur
1362 2224 1520 2286 Amanum
1553 2223 1730 2287 secundum
1758 2226 1931 2292 Hebraeos
1959 2247 2035 2294 cou-

486 2345 672 2412 utregrtum
690 2332 864 2390 Persarum
885 2327 1080 2409 transferret
1101 2329 1137 2386 in
1158 2325 1232 2385 Ma·
1287 2337 1410 2388 stanter
1431 2324 1621 2408 Agagitem,
1650 2330 1828 2391 secundum
1851 2330 1952 2398 Lxx.
1972 2332 2035 2394 liu·

486 2434 637 2494 redonus.
667 2429 781 2512 Atqui,
803 2425 1087 2502 inlertPaneliue,
1105 2425 1233 2488 deMa·
1287 2447 1404 2510 gaeum
1434 2439 1468 2489 et
1497 2427 1729 2506 Macedonem,
1759 2429 1937 2494 secundum
1967 2432 2035 2496 sul·

486 2530 667 2597 nedonihur
690 2529 871 2613 Europaeis
897 2527 980 2592 haee
1005 2527 1104 2592 rerba
1127 2525 1231 2610 accipi
1288 2542 1393 2612 getam
1427 2529 1617 2611 Agegitem,
1655 2533 1845 2616 Bagaeum,
1881 2533 2034 2598 Macedo·

486 2653 551 2697 non
576 2643 731 2717 possunt,
757 2630 845 2714 quod
863 2630 896 2690 hi
910 2631 1100 2693 Artaxeruis
1125 2643 1230 2692 aetate
1286 2649 1384 2704 nean,
1413 2645 1448 2693 et
1477 2643 1527 2692 est
1556 2633 1676 2717 volupe
1699 2633 1813 2698 videre
1835 2635 1963 2704 manem
1987 2637 2035 2698 ni·

487 2735 608 2800 nulline
627 2746 720 2796 erent
734 2730 889 2806 nominis,
910 2745 1028 2795 etcum
1046 2745 1230 2814 propterea,
1288 2753 1358 2822 curn
1386 2732 1526 2814 Lyrani,
1557 2736 1659 2813 Eatii,
1692 2738 1879 2814 Menochii,
1910 2738 2033 2817 Tirini,

487 2854 556 2900 turn
596 2851 732 2921 propter
764 2834 918 2897 locorum
953 2831 1230 2916 intercapedinem
1289 2833 1515 2918 aliorumque,
1546 2835 1622 2898 dum
1653 2839 1827 2903 exsolvere
1860 2840 2033 2904 moleatutn

487 2939 598 3003 Peraia
628 2953 751 3000 metum
781 2937 931 2998 incutere
962 2933 1104 2996 nonduin
1141 2945 1232 3018 pote·
1288 2935 1375 2998 hunc
1425 2936 1546 2999 nodum
1604 2951 1761 3023 satagunt.
1825 2941 2033 3018 Praestahat,

486 3056 569 3106 rant.
600 3038 816 3123 lntelliqeude
836 3057 917 3120 ergo
936 3036 1126 3101 Macedonio
1142 3035 1233 3099 Asia·
1289 3035 1431 3102 Gordioa
1457 3039 1516 3103 hos
1541 3059 1643 3103 nexus
1668 3041 1795 3104 Pellaei
1815 3043 1943 3124 juvenis
1968 3036 2034 3126 ql'a·

487 3145 568 3220 tica,
600 3163 640 3207 ex
670 3163 732 3225 qua
753 3140 896 3226 proiecti
921 3138 1031 3203 coloni
1055 3139 1145 3202 annia
1170 3138 1232 3202 cir·
1289 3141 1344 3203 dio
1368 3140 1554 3225 explicare,
1588 3156 1620 3205 et
1642 3137 1791 3227 proliteri
1813 3144 1939 3226 pelam,
1968 3163 2033 3207 non

488 3247 571 3310 citer
607 3256 737 3308 neutum
774 3243 1004 3328 quinquaginta
1034 3255 1109 3305 anta
1140 3238 1233 3303 hrta·
1288 3242 1467 3306 audiendos
1489 3244 1551 3308 hoo
1573 3245 1855 3323 locoautLilll.,
1885 3247 2033 3311 autHie·

488 3367 624 3410 xerxem
668 3348 701 3408 in
745 3346 894 3408 Emathia
936 3343 1033 3410 aedas
1077 3360 1232 3426 posuero.
1287 3363 1477 3426 ronpmum,
1509 3361 1597 3411 tanto
1626 3348 1800 3412 intervallo
1829 3347 1870 3412 ab
1899 3349 2032 3414 oraculo

488 3449 614 3513 Taedet
637 3447 830 3512 inconcinna
850 3445 993 3528 relique,
1023 3463 1104 3529 quae
1127 3441 1232 3520 addit,
1284 3445 1453 3510 Hebraico
1480 3447 1679 3514 ebert-antea.
1718 3448 1769 3510 Ad
1798 3449 1969 3514 Panelium
1999 3465 2034 3516 ut

486 3551 628 3616 referre.
682 3551 725 3613 At
761 3551 849 3612 enirn
885 3547 1073 3630 priusquam
1107 3544 1233 3608 isthaec
1287 3561 1456 3625 revertar,
1495 3549 1602 3615 donec
1631 3549 1834 3635 gravioribus
1865 3573 2035 3636 argumen-

487 3667 552 3717 tam
580 3652 734 3716 eudecter
757 3663 937 3724 assereret,
959 3666 1096 3710 neeesse
1114 3647 1232 3722 luerat,
1286 3648 1331 3710 tis
1362 3651 1558 3714 Macedonas
1596 3675 1671 3716 euos
1700 3654 1860 3717 Asiaticos
1900 3668 2034 3734 statuat,

488 3753 521 3815 in
541 3753 640 3816 iidem
658 3749 809 3817 vocabuli
828 3751 987 3824 Macedo,
1013 3769 1108 3832 quam
1133 3745 1232 3810 offert
1288 3751 1483 3834 permissum
1514 3755 1593 3816 mihi
1623 3754 1761 3838 putabo,
1791 3755 1843 3818 his
1875 3757 2035 3842 neglectis

489 3857 643 3941 vulgata,
692 3853 832 3916 curatius
872 3849 1053 3934 inquirere.
1110 3851 1233 3914 'l'extus
1290 3851 1324 3914 in
1352 3853 1501 3938 aimplioe
1529 3874 1620 3933 meo,
1648 3879 1747 3943 quem
1775 3861 1952 3944 proposui,
1980 3881 2036 3924 ex·

490 3959 691 4032 Hebraioua,
724 3975 797 4018 oum
821 3954 939 4016 Amani
969 3973 1071 4035 genus
1100 3953 1230 4028 recitat,
1290 3955 1409 4038 plicatu
1428 3955 1650 4042 acquiescere.

490 4081 564 4126 eum
582 4059 664 4122 binis
684 4055 765 4120 locis
790 4069 884 4120 vocat
905 4069 1012 4139 imm
1034 4055 1066 4138 d)
1092 4055 1181 4141 quod
1198 4069 1232 4120 et
1352 4059 1506 4124 Ceterum
1525 4081 1592 4122 non
1614 4081 1746 4144 semper
1766 4061 1863 4126 facile
1886 4061 2035 4140 delinire,

489 4163 619 4249 uulgata
632 4173 868 4226 constanteret
882 4159 946 4222 rite
959 4157 1231 4242 rettitdestr'rpe
1288 4172 1396 4224 etrum
1426 4161 1569 4226 additum
1598 4162 1711 4248 populi
1748 4165 1878 4229 externi
1914 4183 2035 4230 nomen

527 4609 557 4661 n]
577 4605 663 4662 Num.
682 4601 806 4680 cistoph.
823 4621 853 4678 p.
863 4609 907 4666 85.
922 4619 984 4678 seq.
1001 4602 1106 4660 iterum
1125 4603 1837 4682 innemer-q.sur1esprem.vers.damaeeab.
1911 4607 1947 4680 h)
1969 4625 2035 4686 cap.

489 4695 629 4753 xvim.
704 4697 835 4764 c)v.td.
904 4690 1304 4769 ‹imputa-estnec.
1374 4693 1768 4766 e)e.111.1.etc.lx.ro.
1837 4693 2036 4768 &clx-il,

490 4793 520 4862 a?
544 4783 643 4840 aru.
660 4787 685 4844 o.
759 4783 793 4854 s)
815 4779 926 4838 exst.
948 4795 990 4841 ao.
