4444 5558
340 623 343 630 .
467 551 516 628 tu
713 605 718 613 -
929 541 1081 620 NVMt
1114 545 1541 619 ALEXANDRlNl.

469 717 522 778 riu
542 716 709 798 gradiens.
752 714 822 780 AE.
836 716 875 780 ll'.
898 715 1060 798 (Pellerin
1077 713 1157 781 atat.
1171 716 1211 779 ll.
1269 713 1429 799 praebent
1449 717 1524 814 anni
1547 717 1677 800 imperii
1701 715 1916 800 praeliabis,
1938 737 2016 780 uam

469 817 508 922 in¹
521 815 629 886 fronte
646 815 749 901 libris)
1268 815 1387 878 eodem
1403 815 1502 880 modo
1518 817 1608 880 numi
1624 839 1754 902 quoque
1771 819 1910 896 Iudaici,
1933 831 2018 903 quos

831 985 852 1023 ⁴,
1268 915 1516 995 modo‘citari,
1549 920 1723 1003 inscriptos
1744 922 1885 1003 Augusti
1913 940 2018 984 anuos

658 1049 669 1064 =
728 1031 752 1072 r
887 1033 892 1044 ·
933 1031 953 1072 a
1268 1015 1470 1100 praeferunt.
1526 1021 1648 1106 Neque·
1692 1035 1815 1084 certam
1855 1023 2019 1085 rationem

493 1121 495 1128 ⁴
556 1118 784 1192 Arrotcr.
818 1124 927 1204 Caput
943 1124 1075 1187 nudum·
1270 1115 1391 1182 sufficit
1415 1119 1559 1196 fabrica3
1587 1143 1661 1186 nam
1687 1135 1723 1184 ut
1744 1121 1825 1186 baec
1850 1139 2017 1187 monetam

471 1221 767 1288 ATTOKPATO.
795 1221 1035 1287 KAICAPOC.
1080 1223 1221 1302 Aquila·
1269 1219 1443 1302 regionum
1465 1222 1566 1306 longe
1584 1222 1768 1285 dissitstnm
1789 1225 1887 1288 facile
1905 1224 2020 1288 distin·

460 1326 608 1408 fulmini
624 1329 803 1402 insistens,
824 1329 861 1388 in
883 1345 962 1388 urea
985 1326 1223 1404 cornucopiae,
1272 1323 1358 1402 guit,
1380 1321 1424 1384 ita
1445 1321 1551 1384 minus
1573 1335 1643 1385 tuto
1663 1337 1827 1386 monetam
1842 1327 2017 1410 regionum

472 1421 685 1490 etM.oelII.
702 1421 1213 1509 AE.11.(Theupoli,Arigoni.)
1271 1421 1449 1486 vicinarum
1489 1442 1697 1506 aequaevum.
1750 1427 1806 1489 stu
1843 1428 2018 1491 commode

729 1573 748 1610 „
832 1525 856 1574 *t
936 1573 956 1610 4,
1207 1518 1211 1532 ⁴
1271 1523 1487 1596 discernimus
1516 1525 1603 1588 istor
1624 1539 1786 1590 monetam
1810 1529 1951 1592 Siculam
1984 1545 2020 1593 st

533 1627 644 1692 Habes
663 1628 717 1692 hic
734 1629 1220 1712 descriptosuumusltactenus·
1272 1626 1464 1703 Thraciam,
1486 1640 1519 1688 at
1538 1645 1730 1710 nou-aeque
1752 1629 1840 1692 inter
1862 1631 2018 1709 Siculam,

345 1721 347 1730 ’
471 1733 621 1814 cognitus
643 1750 775 1807 ornnes,
798 1751 883 1814 quos·
903 1731 950 1794 sic
971 1742 1072 1814 potss-
1084 1730 1118 1790 in
1137 1729 1221 1790 Ale-⁴
1272 1727 1467 1791 et‘alteram
1489 1726 1614 1790 vicinae
1637 1728 1795 1794 Graeciae
1818 1734 1864 1796 tt.
1915 1734 2018 1799 Certe

469 1833 703 1896 xandrinorum
722 1851 860 1895 numero
883 1846 1018 1917 putare,
1044 1845 1083 1894 ut
1104 1845 1214 1893 tamen
1272 1842 1415 1912 spectata
1444 1827 1566 1892 fabrica
1595 1828 1730 1894 difficile
1761 1847 1811 1896 est
1839 1833 2019 1900 discrimen

444 1923 644 1999 ¹evidenter
665 1934 799 2017 probari
819 1933 861 1996 de
882 1933 1031 1996 omnibus
1052 1952 1119 1996 non
1142 1950 1214 2014 pos·
1271 1930 1493 1992 intersumus
1514 1930 1713 2014 Aegyptios,
1746 1946 1780 1996 et
1801 1955 1916 2000 numos
1940 1939 2018 2003 rici·

470 2037 522 2099 sit.
558 2027 692 2098 Certum
711 2049 862 2098 monetae
882 2033 1122 2098 Alexandrinae
1142 2021 1218 2098 aeri
1271 2051 1331 2093 nae
1369 2031 1853 2113 Palaestinae,Phoeuieiae,
1892 2041 2017 2122 Syriae.

469 2137 649 2221 Augustei.
664 2136 832 2198 criterium
863 2134 1005 2203 iaciunt:
1026 2149 1130 2220 *caput
1150 2137 1217 2199 Au·
1273 2131 1555 2226 Quemadmodum
1580 2154 1663 2219 argu
1683 2135 1781 2200 urbes
1800 2138 1939 2203 Iudaeae
1960 2161 2019 2204 uu-

471 2238 556 2320 gusti
572 2255 645 2299 eum
664 2236 719 2298 rel
741 2236 811 2298 sine
832 2235 939 2298 addita
959 2237 1158 2322 epigrapbe;
1180 2237 1214 2298 in
1272 2253 1344 2298 mos
1370 2235 1581 2318 signaverunt
1602 2235 1831 2302 Alexandrinis
1857 2240 1953 2322 plane
1977 2245 2019 2306 si·

435 2385 442 2396 .
469 2359 584 2403 aversa
604 2357 705 2398 annus
725 2335 859 2419 imperii
882 2337 1027 2421 praelixa
1049 2341 1078 2400 L
1102 2338 1217 2402 delini·
1272 2335 1384 2413 mileo,
1401 2335 1464 2398 nisi
1479 2336 1713 2424 quodAugusti
1727 2353 1821 2424 caput
1834 2343 2018 2421 exclusere,

469 2453 548 2514 aus,
572 2451 666 2520 typus
688 2438 790 2499 moris
813 2439 985 2522 Aegyptii,
1009 2439 1152 2524 denique
1181 2454 1217 2505 ar
1273 2439 1319 2501 sic
1333 2437 1415 2498 nibil
1432 2440 1602 2534 est,'quod
1615 2456 1790 2526 repugnet,
1805 2464 2021 2510 numoscont·

469 2540 613 2605 lubricae
643 2537 769 2600 modus.
814 2540 1002 2603 Secundum
1032 2543 1089 2604 bas
1119 2544 1216 2625 leges
1272 2538 1384 2623 plures
1407 2541 1588 2623 praesentis
1611 2543 1749 2627 catalogi
1771 2565 1868 2628 posse
1890 2549 2019 2632 opinari

469 2661 569 2706 nemo
588 2639 767 2716 dubitabit,
790 2642 961 2705 recitatum
983 2663 1059 2706 mox
1081 2663 1215 2706 numum
1272 2659 1368 2704 cusos
1400 2642 1435 2702 iu
1471 2641 1606 2705 urbibus
1638 2643 1773 2708 Graecis
1803 2648 2019 2726 Palaestinae,

396 2736 401 2754 ⁸
470 2757 548 2827 typo
570 2741 670 2804 ibidis
690 2746 764 2806 'esse
782 2743 1003 2827 Aegyptium,
1036 2744 1109 2832 quia
1135 2747 1216 2809 haec
1271 2743 1489 2819 Phoeniciae,
1506 2744 1637 2840 Syripe,
1656 2746 1754 2830 Cypri
1775 2762 1838 2814 etc.
1882 2754 2018 2818 Interim

470 2845 539 2910 aria
557 2842 700 2926 Aegypti
717 2846 851 2928 propria
870 2866 1003 2929 semper
1025 2861 1074 2910 est
1097 2845 1215 2923 habita,
1272 2863 1460 2930 proponere
1480 2844 1540 2908 bos
1556 2865 1671 2909 numos
1690 2847 1753 2911 boc
1770 2848 1846 2920 locu
1863 2851 2020 2920 idoneum

470 2958 525 3010 aut
538 2967 672 3008 numum
688 2945 877 3029 inscriptum
890 2943 1217 3032 Erettttt·1A,quta
1271 2948 1394 3024 risum,
1411 2967 1484 3010 cum
1498 2945 1587 3031 quod
1604 2961 1714 3012 certae
1728 2970 1842 3016 causae
1856 2976 1922 3019 non
1935 2969 2020 3036 sunt,

469 3045 665 3112 vocabulum
695 3045 782 3109 istud
811 3048 846 3109 in
874 3048 1079 3131 sequentium
1114 3049 1215 3135 impe·
1273 3070 1356 3133 qnae
1378 3067 1436 3113 ecs
1463 3069 1536 3112 esse
1557 3048 1798 3115 Alexandrinos
1821 3053 2019 3138 inficientur,

468 3163 614 3213 ratorum
646 3149 776 3227 numia,
800 3125 850 3213 'et
882 3151 918 3213 iu
947 3150 1118 3235 Aegyptiis
1147 3165 1215 3216 tan·
1272 3167 1341 3216 tuan
1367 3152 1442 3238 quia
1470 3151 1524 3214 bic
1546 3148 1641 3215 loeus
1661 3152 1700 3216 iis
1723 3157 1938 3224 recensendis
1965 3182 2021 3245 op·

471 3265 560 3326 tum,
582 3249 714 3316 obvium
739 3265 800 3316 est.
843 3253 935 3318 Haeo
957 3251 985 3315 si
1006 3251 1132 3333 absint,
1162 3265 1218 3320 aul
1273 3254 1523 3340 portuuissimus
1538 3254 1686 3331 ridetur,
1709 3274 1782 3318 cum
1802 3273 1894 3326 certe
1911 3261 2021 3349 aliquo

469 3353 579 3436 palam
615 3367 747 3418 moneta
780 3354 1001 3418 Alexandrina
1036 3376 1102 3418 non
1132 3368 1216 3432 suut,
1275 3359 1350 3422 loco
1372 3357 1437 3420 aiut
1457 3356 1665 3422 recensendi.

470 3469 525 3520 sut
558 3467 649 3519 certe
672 3455 762 3546 ¹ratio
791 3454 926 3518 euidens
955 3475 1022 3517 non
1050 3471 1124 3533 est,
1158 3476 1218 3519 eur
1337 3459 1382 3520 At
1397 3455 1531 3530 nescio,
1553 3471 1667 3520 utrum
1681 3457 1785 3543 aliqua
1803 3459 1845 3524 sit
1863 3463 2023 3532 verisimi-

470 3557 561 3619 numi
601 3555 724 3618 similes
762 3555 913 3637 Aegypto
951 3557 1085 3638 potius,
1122 3575 1218 3640 quam
1274 3561 1315 3624 lis
1336 3557 1440 3636 ratio,
1470 3579 1553 3641 quae
1576 3559 1829 3624 Alexandrinam
1855 3581 1928 3628 esse
1954 3589 2022 3632 mo·

471 3657 603 3740 regioni
640 3656 735 3718 alteri
764 3655 889 3719 ticinae
918 3656 982 3718 siut
1017 3655 1216 3739 adsignandi.
1274 3673 1383 3724 ustam
1414 3661 1548 3725 suadeat
1574 3684 1606 3726 r.
1631 3683 1664 3744 g.
1695 3683 1810 3728 numus
1847 3665 2022 3754 inscriptus

473 3759 529 3824 Sis
551 3755 720 3820 manifeste
742 3769 962 3840 peccavarunt
977 3755 1126 3836 Petinus,
1147 3761 1219 3823 blo·
1276 3758 1455 3825 llATHP.
1475 3757 1729 3829 ΠΑΤΡΙΔΟΣ.
1768 3779 1847 3850 typo
1875 3767 2022 3836 fasciculi

472 3859 610 3936 rullius,
642 3859 786 3944 aliique,
821 3861 877 3941 qui
904 3859 937 3920 in
967 3859 1051 3922 ltartc
1080 3860 1218 3926 classem
1276 3865 1456 3948 spicarum,
1478 3863 1643 3946 aliosque,
1663 3887 1745 3950 quos
1763 3869 1803 3931 cl.
1821 3871 1930 3957 Zoiga
1951 3875 2022 3957 pb

473 3963 683 4028 coutulerunt
705 3980 821 4024 numos
847 3959 956 4025 rarius
979 3963 1117 4048 Augusti
1149 3963 1220 4048 qui·
1277 3979 1311 4031 et
1335 3985 1366 4046 q.
1402 3979 1652 4052 repraesentat,
1692 3969 1808 4053 quibus
1847 3973 1881 4035 iu
1916 3977 2023 4039 rumis

474 4066 551 4130 dem
571 4065 723 4140 numine,
753 4062 812 4126 sed
837 4081 903 4126 uon
928 4062 1040 4149 effigie
1063 4065 1219 4151 insignes,
1275 4069 1338 4153 ipsi
1352 4067 1451 4132 stiam
1467 4067 1598 4152 imperii
1614 4070 1689 4133 anui
1703 4071 1949 4156 desiderantur,
1967 4081 2021 4164 qui

475 4189 557 4254 quos
572 4168 696 4252 potius,
726 4165 801 4250 quia
817 4164 976 4244 bominis,
998 4181 1052 4231 sut
1072 4167 1218 4232 animalis
1276 4183 1386 4235 certus
1415 4171 1545 4255 quidam
1575 4183 1650 4234 suut
1679 4194 1853 4238 numerum
1883 4179 2023 4242 Alexan·

474 4269 622 4354 effigiem
644 4285 806 4352 nunquam
829 4269 1014 4342 continent,
1045 4269 1086 4332 tn,
1100 4270 1218 4336 ludusa
1276 4271 1446 4336 drinurum
1467 4273 1647 4338 character.
1691 4275 1800 4340 Habet
1821 4278 1926 4362 major
1946 4303 2022 4366 pars

475 4375 618 4456 signatus
647 4369 834 4434 communis·
862 4369 927 4452 jaun
957 4386 1008 4435 ost
1044 4374 1216 4438 sententis
1276 4375 1470 4451 Caesarum,
1512 4393 1551 4438 ac
1588 4375 1764 4460 praecipue
1808 4381 1948 4464 Augusti
1990 4399 2024 4447 et

474 4475 596 4540 Contra
617 4493 677 4537 cur
703 4472 795 4535 numi
816 4491 889 4536 eum
918 4485 997 4556 typo
1024 4476 1219 4560 eappicorui,
1276 4477 1432 4558 Traiani,
1473 4497 1590 4540 numus
1633 4479 1802 4542 commatis
1844 4485 2025 4568 peregrini,

475 4594 617 4642 coronas
647 4591 814 4658 quernae,
843 4573 1010 4642 Victoriae
1050 4591 1116 4642 ete.
1153 4589 1219 4641 tam
1276 4579 1414 4664 syriorum
1435 4579 1571 4662 patriam
1591 4580 1680 4642 nulla
1702 4581 1809 4664 possis
1832 4585 2022 4668 conjectura

476 4679 559 4756 uerti
584 4673 798 4740 Alexandrini
818 4673 883 4736 siut
902 4674 1059 4760 putandi,
1091 4701 1218 4746 causata
1275 4679 1432 4764 adsequi,
1450 4731 1455 4742 .
1473 4693 1508 4744 et
1538 4701 1621 4766 quos
1651 4701 1715 4766 ego
1747 4684 1780 4744 in
1812 4685 2023 4771 disponendis

475 4784 626 4848 idoneam
648 4797 714 4846 nou
734 4775 878 4862 reperio.
927 4779 1002 4844 Nou
1032 4801 1108 4846 sane
1135 4783 1218 4848 banc
1259 4767 1422 4861 'museis,
1452 4781 1712 4869 adornandisque
1744 4787 1900 4874 catalogis
1929 4779 2024 4857 soleo
