4468 5568
669 574 743 646 De
777 570 1254 648 mettttoromttvs.

193 739 255 814 de,
295 753 327 803 ut
365 741 567 826 metropolea
601 739 791 807 dicerentur
828 743 937 822 orbec,

192 861 275 926 qnae
296 837 440 907 coloniae
460 863 622 929 nonquam
647 843 840 923 deduxere,
869 864 938 910 mc·

192 943 234 1006 do
275 942 454 1027 dignitate,
489 947 613 1030 copiis,
652 945 791 1034 aliiaqne
832 947 936 1011 caucia

191 1059 412 1132 praestarent,
443 1059 477 1112 et
505 1048 637 1112 nomine
665 1047 750 1112 adeo
774 1062 937 1134 metropo-

192 1147 263 1215 leos
283 1145 421 1213 cubiade
447 1149 566 1227 etiam,
598 1162 631 1212 et
654 1149 757 1214 molto
772 1149 937 1237 -ireqacm

192 1251 254 1313 tior
277 1263 373 1336 caput
396 1251 582 1336 provinciae
604 1246 867 1336 intelligeretur,
893 1266 939 1316 at-

192 1373 255 1436 que
279 1352 313 1413 in
334 1351 398 1418 hoc
427 1372 525 1418 aeneo
547 1349 721 1436 Dionyaioa
743 1354 936 1438 Periegetea

1664 592 1737 656 ttt

995 741 1090 826 place
1125 739 1271 815 tobim
1320 733 1453 808 Etenim
1481 745 1609 826 Tynna,
1650 747 1737 830 qood

994 843 1152 916 hactenns
1170 855 1315 922 constet,
1338 863 1403 908 oon
1423 859 1497 910 ante
1514 843 1639 909 Claudii
1656 859 1736 908 tem·

994 965 1074 1030 pora
1096 945 1129 1010 io
1150 945 1258 1014 nomia
1279 965 1315 1013 ae
1339 945 1419 1010 dixit
1440 948 1670 1032 metropolim,
1702 961 1738 1010 ot

994 1049 1122 1111 ostendi
1141 1049 1174 1110 in
1198 1046 1268 1132 ejoa
1290 1049 1379 1113 aritia
1402 1063 1553 1129 moneta;
1583 1047 1669 1134 qood
1696 1049 1737 1112 ad

995 1149 1131 1213 aiteram
1162 1163 1286 1234 partem
1315 1151 1449 1228 attinet,
1486 1171 1559 1214 cam
1591 1151 1626 1212 in
1656 1170 1739 1213 mar·

996 1251 1241 1315 moreGruteri
1257 1255 1304 1334 c),
1327 1251 1415 1334 qood
1439 1251 1576 1314 subinde
1598 1253 1663 1315 late
1683 1271 1739 1314 ex·

995 1351 1127 1434 plicavit
1159 1356 1291 1436 ignarae
1314 1352 1367 1435 d),
1405 1355 1512 1434 Tyrus
1534 1352 1660 1416 dictim·
1681 1375 1739 1436 Μ·
1849 1378 1859 1386 ’

995 1457 1136 1532 aeracius
1157 1447 1302 1530 Φοιιιιης
1322 1478 1371 1516 και
1392 1449 1501 1526 ἀλλωνΙ
1515 1459 1649 1532 πολεων,
1680 1453 1738 1516 do·

993 1551 1082 1615 binm
1102 1575 1168 1616 non
1188 1556 1335 1630 videtur,
1358 1573 1429 1616 cam
1449 1553 1558 1617 vocari
1572 1567 1738 1638 metropo-

993 1652 1050 1718 lim
1070 1655 1105 1716 in
1138 1655 1249 1739 priore
1277 1653 1531 1738 aigniiicotione,
1563 1668 1597 1717 et
1625 1654 1737 1716 adladi

994 1755 1034 1818 ad
1058 1757 1202 1820 colonias
1234 1758 1317 1819 intra
1341 1757 1505 1839 'extraque
1527 1755 1736 1819 Phoenicium

993 1857 1200 1934 conatitetaa,
1224 1858 1327 1942 qnod,
1349 1870 1385 1920 ot
1406 1877 1483 1919 mox
1505 1857 1662 1936 vidimnr,
1689 1857 1737 1921 ie·

993 1979 1069 2023 cere
1094 1972 1127 2022 et
1147 1959 1376 2022 Heracleotae.

1054 2061 1097 2121 Aa
1116 2061 1220 2122 Roma
1245 2061 1375 2122 demum
1407 2061 1589 2142 imperante
1619 2059 1652 2120 in
1679 2059 1737 2121 im·

991 2181 1138 2222 mensum
1174 2175 1285 2224 arctoo
1311 2163 1539 2244 metropoleon
1568 2159 1602 2220 in
1630 2173 1737 2244 poete·

989 2265 1079 2325 riore
1098 2262 1161 2326 ltoc
1178 2282 1275 2325 oenau
1289 2283 1455 2326 numeror.
1484 2261 1645 2324 Nimirum
1661 2283 1735 2326 cnm

190 2363 367 2430 accedente
398 2363 496 2428 etiam
520 2382 695 2426 nemorum
721 2359 932 2426 Nicomediae
990 2364 1090 2426 orbea
1111 2383 1191 2428 vere
1212 2376 1332 2428 matres
1349 2377 1413 2427 tam
1438 2378 1575 2446 propter
1596 2376 1737 2428 retacta·

189 2465 451 2540 anctoritate,in
472 2463 715 2550 quibuslegae:
738 2459 930 2528 ΡΩΜΗΝ.
990 2477 1081 2542 tem,
1114 2485 1209 2550 qnam
1244 2463 1367 2528 sobolis
1398 2465 1736 2530 multitudinemmu-

189 2561 523 2630 ΜΗΤΡΟΠΟΛΙΝ.
560 2567 665 2649 Hujus
682 2567 816 2631 alteriue
835 2563 934 2646 signi·
990 2567 1062 2650 gnie
1090 2567 1188 2652 volgo
1213 2565 1362 2628 landibna
1391 2565 1611 2642 efferrentur,
1636 2565 1734 2630 arbee

189 2667 347 2742 licationia
365 2667 432 2746 iam
451 2666 570 2729 Graeci
593 2669 656 2751 ipai
676 2667 801 2731 dedere
823 2685 933 2728 exem·
988 2667 1155 2744 noviciae,
1177 2666 1235 2730 aed
1253 2667 1368 2752 opiboa
1387 2689 1424 2732 ao
1446 2667 1588 2752 potentia
1608 2668 1736 2751 cenapi-

191 2769 291 2854 plnm.
335 2767 507 2831 Antiochia
535 2769 669 2857 Syriae,
709 2766 807 2843 urba,
845 2765 933 2850 qood
990 2791 1090 2847 oeae,
1113 2768 1226 2853 qoalea
1254 2770 1349 2832 foere
1371 2770 1525 2852 Smyrna,
1550 2770 1733 2842 Antiochia,

189 2867 553 2960 interomneanotum,
575 2869 843 2953 nnpercondita,
863 2867 934 2928 nol·
989 2871 1199 2952 Nicomedia,
1237 2869 1380 2934 dedecor
1417 2893 1510 2934 annm
1547 2871 1733 2952 arbitratae,

189 2970 318 3056 lamque
344 2971 414 3054 ipaa
444 2971 573 3053 prolem
597 2971 710 3047 enixa,
740 2969 932 3051 metropolis
990 2973 1038 3048 ai,
1071 2972 1159 3056 quod
1200 2984 1316 3045 erant,
1353 2972 1485 3034 aterilea
1528 2988 1733 3051 vocarentur,

189 3071 223 3134 in
245 3071 352 3134 nomia
371 3069 506 3148 dicitur,
529 3087 563 3135 ut
586 3071 876 3137 demonstravimus
899 3071 932 3130 in
989 3074 1101 3136 matria
1122 3091 1242 3134 nomen
1264 3070 1438 3134 immodica
1466 3087 1646 3155 coeperunt
1669 3097 1734 3139 am·

189 3173 260 3254 ejoa
278 3171 367 3235 urbia
386 3187 535 3250 moneta,
557 3175 621 3256 jam
643 3171 933 3247 annumerem,
987 3173 1112 3238 biticne
1149 3172 1336 3249 adfectare,
1368 3193 1434 3235 non
1466 3173 1654 3239 difficilibus
1691 3177 1733 3240 ad

192 1453 335 1554 antro:

196 1645 201 1654 ¹
254 1653 363 1740 Ρωμηι
391 1661 589 1744 cepionem,
626 1653 703 1740 ipo»
731 1679 832 1744 μιιγαι
860 1653 935 1724 imo»

687 1753 837 1834 olomeo»,

252 1851 454 1922 MHTEPA
476 1851 690 1922 ΠΑΣΑΩΝ
714 1853 935 1922 ΠΟΛΕΩΝ.

256 1961 396 2022 Romam
425 1961 667 2037 venerandam,
697 1979 841 2022 incorum
868 1981 936 2022 ma·

422 2079 524 2142 gnam
546 2063 677 2122 domum
700 2078 833 2141 regum,

255 2161 403 2225 Matrem
425 2166 571 2224 omnium
593 2163 734 2226 arbium.
825 2188 833 2196 ·

188 3275 293 3338 molto
323 3273 405 3338 adeo
434 3289 507 3339 ante
536 3297 632 3361 qaam
663 3275 748 3340 doce
773 3274 933 3356 Pompcjo
989 3275 1070 3339 haec
1108 3294 1223 3337 eornm
1262 3286 1336 3339 rota
1368 3275 1547 3352 Romania,
1586 3290 1619 3339 et
1657 3297 1732 3340 com

188 3378 234 3440 Π.
255 3376 290 3440 in
311 3377 534 3440 Romanorum
558 3379 650 3460 leges
674 3377 749 3440 iret.
794 3363 933 3436 'l'heam-
987 3375 1062 3441 fieri
1091 3387 1238 3459 peterat,
1268 3374 1504 3452 adnuentibus,
1535 3378 1590 3460 qai
1618 3377 1730 3443 ridera

186 3472 294 3543 lorica
321 3499 450 3564 quoqne
474 3479 514 3542 ab
533 3481 706 3562 Antipatro
726 3475 934 3540 Theranloni-
989 3475 1137 3540 colebant
1172 3476 1282 3559 inepta
1312 3473 1394 3539 haec
1414 3475 1619 3542 Graecorum
1647 3477 1732 3544 deai-

189 3583 278 3659 cenci
305 3581 370 3663 jam
397 3582 535 3666 Augusti
561 3587 665 3644 aelate
691 3579 811 3642 dicitnr
833 3597 933 3660 μητηρ
989 3579 1100 3654 deria,
1128 3591 1162 3642 et
1178 3598 1274 3642 vanna
1291 3577 1348 3641 laea
1370 3571 1412 3642 de
1436 3580 1632 3644 excellentia
1655 3601 1731 3647 coo·

187 3697 288 3758 recep
298 3675 556 3762 Macedonem-b).
600 3681 667 3745 Sed
684 3681 785 3743 nolim
802 3680 837 3742 in
854 3699 932 3742 eon·
988 3681 1152 3744 tentiones
1182 3700 1299 3744 vocare
1326 3679 1485 3754 Ελληνικιι
1514 3679 1730 3766 ἀμαρτηματιι,

187 3781 262 3847 dem
300 3803 433 3847 cenetam
471 3803 588 3862 vocare
618 3785 743 3866 Tyrum
783 3799 929 3866 quoqne,
994 3781 1201 3846 Graecanico
1229 3793 1394 3862 peccota,
1429 3797 1464 3845 ot
1501 3797 1635 3845 teatntur
1663 3785 1729 3846 Dio

186 3872 222 3948 iat
245 3883 331 3947 iotad
357 3885 461 3950 visum
486 3884 704 3970 Spanhemio,
738 3885 858 3968 quiex
882 3883 931 3944 in·
981 3881 1238 3967 'Chryaoatomiaa
1255 3881 1409 3946 vellicana
1422 3884 1493 3968 ipae
1510 3883 1628 3948 fatuam
1646 3885 1728 3950 hanc

185 3986 314 4078 acciptia
335 3977 454 4070 'siriae
478 3999 628 4050 monetae
658 3989 749 4052 annia
777 3983 929 4068 conjecit,
986 3985 1095 4072 gentio
1120 4006 1197 4049 onae
1225 3983 1432 4048 ambitionem
1460 3987 1501 4069 ε).
1543 3985 1660 4050 Fniaae
1688 3987 1728 4051 ab

187 4089 310 4180 Tyrum
339 4101 445 4152 etantc
473 4089 578 4152 adhoc
610 4108 683 4172 rep.
707 4087 930 4152 Romanorum
987 4086 1238 4172 imperatoribaa
1257 4087 1477 4172 metropoleos
1496 4087 1640 4153 honorea
1663 4109 1728 4152 non
1831 4137 1835 4144 .

185 4188 323 4276 perinde
346 4202 444 4274 atque
461 4189 667 4253 Antiochiam
689 4187 807 4254 dictam
827 4188 929 4276 lniaae
985 4212 1061 4255 raro
1082 4189 1252 4266 decretor,
1282 4187 1410 4250 illnatre
1432 4191 1652 4252 testimoninm
1674 4191 1730 4254 ha·

185 4292 407 4376 metropolin,
443 4306 477 4354 et
506 4291 637 4376 quidem
668 4293 701 4352 in
737 4292 839 4355 altera
865 4293 929 4355 heo
986 4293 1281 4356 bemoaCanonem
1301 4291 1385 4352 Xlll.
1404 4289 1534 4353 concilii
1550 4291 1728 4358 Chalcedo-

184 4393 442 4480 aignilicatione,
463 4407 610 4480 quornm·
636 4393 719 4456 illud
747 4414 789 4456 ex
816 4413 930 4456 nomo·
986 4395 1115 4458 nensis:
1145 4385 1221 4455 ’ὅσαι
1245 4387 1281 4454 dr
1302 4385 1364 4468 ἤδη
1382 4395 1487 4466 relate
1510 4385 1565 4453 iao
1583 4415 1728 4480 ιγραμμα.

184 4519 258 4560 rom
302 4485 490 4562 testimonio
529 4493 802 4580 improbandam,
836 4495 929 4558 taint
985 4518 1044 4557 ror
1073 4500 1236 4572 βασιλικωι
1265 4515 1308 4574 τῳ
1340 4511 1395 4566 της
1421 4499 1633 4576 μητροπιλιως
1668 4493 1729 4560 ira·

220 4726 253 4796 a)
274 4724 348 4783 orta.
362 4722 503 4800 descript.
524 4741 551 4781 v.
566 4733 629 4787 355.
698 4723 739 4796 lt)
758 4723 876 4784 Bronek
891 4723 975 4782 Amal.
994 4725 1028 4784 Τ.
1046 4723 1081 4786 Π.
1100 4744 1132 4805 p.
1153 4735 1212 4786 tto.
1304 4722 1335 4794 c)
1355 4739 1422 4798 pag.
1446 4732 1545 4786 ttoss
1633 4721 1668 4792 d)
1687 4721 1727 4778 de

184 4813 243 4890 pal.
262 4813 357 4892 Neap.
375 4831 408 4892 p·
426 4825 489 4888 279.
563 4816 595 4886 e)
615 4813 698 4875 Orat.
716 4823 760 4879 38·
779 4833 810 4892 Ρ·
829 4833 868 4873 m·
884 4823 948 4888 ⁴⁷9·
