4446 5570
517 583 588 651 453
1117 558 1313 633 *CAPVT
1347 559 1453 632 XXII.

518 723 613 798 nobis
639 751 756 794 causus
788 728 920 814 profuit.
955 727 1013 793 ste
1042 729 1148 806 euim,
1180 747 1262 810 quae
1318 725 1463 790 feliciter
1489 724 1600 790 collati
1624 745 1816 814 quousque
1839 731 1973 796 solertia
2001 733 2070 794 sal·

514 837 642 898 tuerint
659 831 943 916 singulorumoris
960 831 1171 906 lineamenta,
1194 850 1262 894 sae·
1319 843 1371 894 tus
1400 828 1535 892 dubium
1561 843 1729 906 remeant,
1760 844 1858 916 atque
1886 833 1973 896 istud
2000 854 2067 896 nou

516 937 650 1022 pissime
681 933 924 1018 intellegimus,
961 947 1031 996 tunt
1067 932 1184 1008 etiam,
1221 929 1263 993 ad
1319 930 1418 993 modo
1436 931 1469 992 in
1485 932 1590 994 numia
1610 932 1721 1015 operis
1742 933 1891 1011 barbari,
1918 933 1978 999 sed
2002 935 2069 1000 fre·

515 1060 612 1124 quam
634 1039 719 1122 regii
739 1037 775 1099 hi
797 1025 1076 1117 nhmiregionem
1094 1036 1158 1097 sint
1176 1033 1263 1097 rele-
1320 1044 1460 1114 quanter
1494 1034 1593 1096 etium
1629 1033 1871 1114 perfectissimi.
1915 1039 1967 1100 Ex
2001 1059 2067 1123 quo

512 1141 629 1217 rendi,
662 1159 701 1200 ex
724 1139 803 1222 ipsis
824 1137 1010 1199 nominibus
1032 1137 1259 1214 discimus,et
1225 1132 1456 1211 et,facttsm
1482 1147 1523 1196 at
1550 1135 1583 1196 ln
1613 1133 1813 1198 collocandis
1832 1151 1925 1202 recte
1945 1161 2065 1224 regom

510 1261 611 1326 saepe
630 1240 739 1304 haec
730 1259 780 1299 ιιι
777 1223 950 1306 codicibus
966 1239 1073 1302 luxata
1091 1257 1259 1322 primaevo
1316 1257 1348 1300 v.
1366 1256 1392 1300 o.
1417 1237 1560 1318 Aegypti
1582 1249 1615 1299 et
1635 1235 1789 1300 Parthiae
1818 1242 1924 1302 numia
1955 1242 2067 1308 imm.

505 1343 613 1405 'nitori
632 1342 842 1404 restituimus.
1313 1357 1360 1400 ne
1391 1352 1544 1421 quantum
1576 1336 1753 1400 dissideant
1784 1340 1882 1403 etiam
1911 1343 2067 1426 penitissi-

577 1442 728 1506 Multis
718 1463 752 1504 ιιι
782 1438 972 1524 regionibus
998 1461 1077 1502 usus
1104 1438 1259 1516 obtinuit,
1316 1459 1444 1501 morum
1476 1436 1605 1520 judicia.
1646 1441 1834 1523 Scriptores
1868 1455 2004 1508 ueteres
2031 1447 2066 1508 in

513 1559 571 1623 ut,
614 1563 679 1628 quo
716 1541 851 1605 nomiae
887 1541 988 1626 regni
1021 1540 1263 1625 principatusve
1307 1545 1436 1624 'regum
1464 1541 1746 1623 Pergamenorum
1772 1542 1913 1608 ‘historia
1950 1547 2066 1612 saltem

513 1643 759 1720 conditorfuit,
784 1640 934 1706 eodem
922 1663 1130 1708 successores
1148 1663 1262 1708 omues
1317 1641 1427 1722 varios
1457 1641 1552 1704 nobis
1579 1643 1707 1706 Attalus
1739 1656 1774 1706 et
1800 1646 1969 1709 Eumenes
1998 1668 2066 1712 me·

511 1761 697 1812 uterentur.
734 1747 869 1810 Factum
902 1735 989 1809 istud
1018 1745 1261 1822 observantiae,
1317 1756 1462 1820 morant,
1494 1742 1613 1827 quiin
1641 1745 1748 1808 numia
1778 1737 1846 1809 nou
1875 1761 1973 1826 sont,
2003 1749 2066 1811 nisi

516 1851 665 1938 gratique
696 1847 805 1910 animi
844 1867 960 1925 causa,
1006 1861 1119 1928 suapte
1160 1859 1260 1929 patet.
1316 1839 1516 1920 Philetaeri,
1547 1843 1624 1907 alibi
1646 1865 1745 1929 reges
1768 1849 1935 1914 mentione
1966 1853 2065 1934 patris

508 1951 632 2014 Hinc
622 1972 656 2012 sn
678 1952 828 2033 Aegypto
858 1969 972 2012 omnes
992 1949 1193 2025 Ptolemaei,
1225 1947 1259 2007 iu
1316 1944 1536 2029 distinguunt,
1577 1947 1744 2011 ratissimo
1782 1950 1892 2013 hec·
1882 1972 1916 2012 m
1955 1953 2063 2016 numis

512 2052 644 2116 Parthia
679 2053 835 2127 Arsaces,
874 2052 908 2110 in
942 2048 1163 2132 Paphlagonia
1197 2050 1259 2131 Py·
1317 2046 1487 2154 enemplo‘,
1525 2046 1603 2109 alibi
1631 2049 1752 2113 adscita
1783 2053 1978 2144 cognomina
2011 2053 2064 2118 asl-

511 2155 698 2230 luemeues,
731 2151 884 2235 Pergami
905 2149 1101 2214 'Philetaeri
1142 2150 1260 2213 Narrat
1317 2138 1430 2225 ddnt,
1451 2146 1539 2232 quod
1569 2150 1660 2208 numi
1689 2171 1837 2234 quoque,
1871 2154 1931 2216 sed
1959 2157 2065 2219 rarius

510 2255 652 2322 Iustinus
678 2255 726 2334 ¹),
763 2250 979 2314 'Nicomedem
1007 2249 1179 2331 Bithyniae
1207 2272 1260 2314 re·
1316 2261 1491 2332 praestant.
1528 2248 1672 2310 Etiam'
1662 2272 1695 2312 ιιι
1723 2256 1854 2337 regnis,
1885 2257 1919 2316 in
1947 2259 2063 2341 quibus

513 2377 588 2438 gem
627 2355 696 2416 lilio
734 2363 793 2415 tuo
822 2351 1027 2433 Pylaemenis
1059 2371 1181 2414 nomen
1218 2369 1260 2414 ex
1316 2349 1782 2436 nonfuitconsmuneregum
1799 2371 2062 2431 nomen,tamen

512 2455 757 2540 Paphlagonum
785 2472 901 2533 regum
930 2452 1061 2515 nomine
1086 2451 1259 2530 indidisse,
1316 2450 1433 2514 eadem
1450 2453 1580 2516 uomina
1600 2453 1633 2514 in
1654 2454 1767 2536 plures
1786 2456 1904 2520 collata
1920 2451 2063 2534 turbant,

513 2569 550 2620 ut
577 2556 649 2636 ejus
677 2553 904 2636 appellationis
931 2553 1118 2626 reverentia
1145 2552 1260 2616 luben·
1316 2563 1353 2613 ut
1373 2552 1407 2612 in
1428 2552 1540 2634 Syriae
1560 2553 1695 2637 regibus
1712 2556 1867 2621 Antiochi
1891 2560 2062 2638 tredecim,

510 2655 576 2721 tius
598 2655 638 2720 ab
651 2656 711 2718 ‘bis
732 2675 793 2718 rex
814 2665 1059 2736 agnosceretur.
1096 2655 1204 2716 Etiam
1231 2655 1259 2716 si
1318 2653 1449 2717 Seleuci
1464 2655 1745 2740 semin-regibus
1760 2659 1973 2727 Macedoniae
1988 2663 2064 2726 Phi·

514 2758 586 2843 qu'is
615 2756 738 2840 juste,'
760 2775 797 2819 ac
826 2768 936 2818 sancte
965 2775 1070 2838 regno
1100 2755 1258 2840 praefuit,
1316 2755 1398 2840 lippi
1418 2755 1572 2841 quinque.
1611 2763 1614 2772 '

513 2861 570 2923 lex
590 2859 672 2932 lata,
704 2871 740 2921 ut
769 2857 839 2939 ejus
866 2876 988 2920 nomen
1009 2857 1043 2918 in
1065 2858 1260 2921 successori·
1382 2857 1470 2922 Viris
1487 2857 1688 2941 principibus
1709 2879 1937 2946 nonnunquam
1963 2869 2064 2954 gemi-

513 2961 575 3023 bus
606 2960 747 3023 duraret.
785 2961 860 3021 Hoe
884 2959 1010 3022 ‚merito
1042 2978 1115 3020 cum
1144 2958 1260 3022 suisset
1316 2972 1425 3022 nutum
1447 2957 1548 3022 luisse
1571 2973 1710 3038 nomen,
1742 2963 1862 3046 etjam
1888 2963 1970 3044 hoc,
1999 2967 2063 3050 jam

514 3065 714 3150 Artaxerxes
735 3063 909 3136 Mnemon,
935 3059 1108 3122 edixerunt
1125 3061 1259 3137 Persae,
1316 3060 1376 3122 illo
1393 3059 1496 3123 scisse
1513 3083 1530 3124 a
1549 3063 1763 3145 scriptoribus
1781 3065 1979 3147 appellatos,
2007 3091 2064 3132 un·

516 3179 552 3228 ut
572 3144 694 3248 posteri
715 3183 813 3245 reges
831 3161 1021 3225 Artaxerxis
1040 3161 1171 3224 nomine
1184 3174 1260 3224 ute·
1317 3161 1359 3224 de
1379 3182 1443 3224 non
1460 3183 1538 3224 raro
1558 3163 1707 3227 conlusio
1723 3165 1756 3226 in
1773 3165 1938 3230 historiam
1958 3168 2065 3244 llusit,

514 3280 629 3329 rentur
653 3261 695 3345 b).
1316 3263 1379 3347 jam
1415 3265 1597 3329 monuimus
1634 3267 1667 3327 iu
1705 3268 1810 3328 numia
1841 3269 1986 3333 Herodis
2019 3275 2063 3334 ld.

577 3370 729 3428 Attamen
752 3367 838 3430 istud
860 3367 984 3450 ipsum,
1013 3367 1075 3428 etsi
1096 3366 1261 3450 sapienter
1317 3365 1368 3426 Ex
1396 3386 1462 3450 quo
1490 3367 1630 3430 liomsni
1665 3369 1754 3431 orbis
1789 3368 1931 3453 imperio
1962 3373 2064 3456 potiti

515 3459 725 3531 constitutum
754 3467 887 3542 demus,
916 3465 1057 3530 inlicitas
1078 3489 1145 3530 non
1165 3489 1260 3546 raro,
1317 3480 1407 3543 sunt,
1429 3470 1523 3531 multi
1544 3489 1658 3551 reges,
1681 3489 1718 3532 ac
1740 3471 1904 3555 principes
1927 3473 1996 3538 sive
2019 3475 2062 3537 ob

516 3591 590 3632 eum
613 3570 676 3633 rite
698 3569 847 3632 volumus
876 3589 992 3652 regum
1015 3590 1131 3632 numos
1153 3569 1261 3633 distri·
1316 3566 1550 3633 beneficiorum
1567 3574 1777 3649 memoriam,
1802 3575 1873 3638 site
1889 3563 2065 3642 observan-

514 3673 634 3748 buere,
666 3671 891 3748 difficultates,
922 3690 960 3734 so
989 3683 1166 3754 propterea
1196 3684 1262 3734 tae·
1316 3671 1381 3734 tiae
1419 3691 1515 3736 caasa
1555 3665 1701 3738 siro'raut
1727 3675 1852 3738 Romae
1877 3680 2060 3760 petentium

515 3773 604 3836 dium
627 3773 744 3836 adfert.
773 3773 861 3867 Quis
883 3772 970 3836 enim
994 3784 1064 3835 tuto
1086 3775 1153 3836 suis
1174 3775 1262 3858 regi·
1316 3767 1449 3838 nomino
1484 3794 1544 3838 suo
1580 3774 1748 3841 addidere.
1793 3779 1874 3858 Ejus
1911 3784 2062 3866 exempla

512 3876 574 3937 bus
596 3872 724 3936 adserat
745 3892 880 3949 numos,
911 3874 948 3935 si·
966 3891 1081 3936 omues
1103 3875 1259 3954 Arsaces,
1316 3875 1472 3939 habemns
1494 3875 1527 3936 iu
1549 3876 1730 3940 Polemone
1753 3880 1925 3946 sacerdote
1943 3883 2062 3958 Olbse.

485 3961 697 4038 'Ptolemaei
727 3974 815 4036 etc?
853 3975 927 4036 Non
949 3994 1025 4038 raro
1048 3976 1182 4059 quidem
1202 3976 1261 4040 du·
1316 3976 1426 4063 quise
1444 3977 1478 4038 in
1497 3980 1603 4042 onmis
1621 3980 1702 4044 dixit
1723 3983 1772 4044 M.
1794 3984 1982 4046 Antonium
1999 3987 2063 4050 Po·

513 4077 603 4140 bium
642 4073 809 4139 abstulere
845 4075 913 4138 oris
948 4075 1164 4154 lineamenta,
1205 4067 1272 4142 aut⁸
1315 4078 1499 4156 lamonem,
1540 4079 1573 4141 in
1613 4081 1767 4144 Antonio
1805 4085 2061 4151 Tarcondimoto
2189 4101 2190 4144 ὲ

507 4178 639 4242 additus
662 4176 807 4260 epochae
829 4197 949 4258 uunus3
977 4199 1092 4242 serum
1114 4179 1168 4244 hic
1191 4178 1278 4264 ple'
1316 4181 1451 4244 Ciliciae
1473 4201 1571 4266 rege,
1601 4183 1634 4244 in
1658 4183 1847 4248 Sauromste
1870 4190 1894 4251 l.
1917 4202 1951 4252 et
1974 4189 2063 4262 lihe-

513 4297 652 4366 rnmque
675 4280 785 4356 abest,
815 4293 848 4343 et
870 4300 967 4364 saepe
989 4280 1081 4345 abest
1101 4283 1258 4367 principis
1316 4303 1456 4367 scopora
1475 4286 1521 4362 l.,
1547 4305 1686 4368 quornm
1710 4297 1850 4372 uterque
1874 4288 1980 4353 dictus
2011 4295 2059 4354 Τι’.

513 4385 644 4469 effigies
666 4383 738 4447 solo
761 4382 920 4468 inscripto
942 4383 1013 4464 ejus
1037 4384 1185 4459 nemine,
1214 4399 1259 4448 at·
1315 4387 1425 4450 Iulius
1441 4410 1459 4450 a
1474 4387 1611 4451 Tiberio
1628 4385 1730 4472 Aug,
1754 4391 1788 4450 iu
1806 4389 1937 4474 Abgsro
1956 4393 2061 4457 Edes-

508 4509 577 4576 que
598 4501 633 4552 ut
651 4486 733 4551 adsit
751 4485 866 4564 etiam,
892 4499 1000 4549 tamen
1023 4505 1136 4568 parum
1159 4507 1257 4572 saepe
1315 4507 1370 4553 sae
1386 4509 1487 4574 rege,
1511 4491 1565 4575 qni
1583 4489 1688 4554 dictus
1710 4491 1744 4552 iu
1761 4492 1867 4555 usmis
1885 4493 1924 4555 L.
1937 4495 2064 4560 Aelius

546 4801 578 4872 a)
599 4797 630 4854 1..
643 4795 789 4878 xxtttltt.
807 4819 830 4856 c.
843 4809 868 4860 Δ.
942 4799 976 4872 h)
995 4801 1085 4862 Diod.
1100 4801 1162 4862 sic.
1182 4799 1289 4868 LXV·
1307 4802 1384 4878 b93.
