4338 5554
528 493 633 648 190'
1179 539 1368 614 cerva
1403 536 1431 607 1.
1510 625 1515 632 ,

521 714 648 784 ΛΙΟΤ.
697 717 764 782 Sui
798 713 1008 798 praetoribus
1044 710 1093 772 M.
1112 707 1268 772 'Aurelio
1325 705 1415 789 opud
1437 704 1516 767 ilios
1541 707 1711 770 contrario
1742 725 1837 770 nemo
1865 709 1914 772 od
1938 709 1981 770 id
2012 703 2093 790 offi-

523 823 674 884 Zeuxide
687 830 721 880 et
731 818 835 878 Lario
852 815 970 878 Tullio.
995 811 1143 872 Alterum
1159 829 1267 874 exem·
1323 811 1411 872 oium
1427 807 1637 882 admittitur,
1665 808 1734 870 nisi
1752 807 1890 870 honesto
1915 807 2015 886 ἱοσο,
2053 823 2088 871 et

522 923 613 1007 plam
630 921 716 984 forte
730 915 889 1001 praebent
904 914 995 976 nami
1009 914 1193 994 Mytilenes,
1208 907 1268 974 sed
1323 910 1491 974 industrio
1507 909 1660 988 cognito,
1686 909 1776 989 qaod
1792 930 1923 972 neeesse
1940 923 1995 972 est
2014 929 2089 972 om·

522 1044 660 1108 qnorum
677 1019 777 1085 lectio
790 1017 897 1080 dubia.
920 1015 1073 1078 Incitato
1091 1013 1266 1097 suprsHy·
1322 1012 1416 1074 ιιίιιιιι
1437 1010 1652 1072 consiliorum
1675 1031 1749 1072 sem
1771 1031 1843 1072 esse
1861 1014 2086 1092 participem.

522 1125 646 1208 piepae
674 1119 797 1203 Lydiae
825 1137 944 1182 namot
987 1111 1268 1179 ess1.xHP1N·
1324 1113 1473 1174 Tennem
1502 1109 1599 1176 etism
1629 1108 1810 1176 seribernm
1840 1111 2016 1194 Syracusis
2050 1127 2084 1176 et

523 1219 628 1289 ΘΟΤ.
658 1224 698 1290 Δ.
725 1217 889 1284 cTPnT.
921 1220 962 1284 A.
1010 1218 1075 1281 Sao
1111 1216 1266 1280 Cerintho
1324 1214 1461 1284 Athenis
1482 1211 1587 1276 fuisse
1609 1213 1792 1286 fortunam,
1822 1211 1947 1275 ibidem
1977 1215 2085 1295 Span-

523 1345 606 1412 φιαι
591 1342 644 1384 rto
662 1347 730 1386 arae
744 1335 897 1405 praetore
908 1340 1027 1402 premo
1051 1317 1166 1380 Plures
1182 1315 1267 1400 apud
1324 1315 1451 1378 hemina
1469 1335 1510 1378 ex
1525 1315 1690 1380 veteribus
1702 1311 1886 1392 coniicit
1860 1334 1908 1377 sse
1923 1328 1962 1378 nt
1979 1317 2082 1378 etiam

524 1425 695 1506 Smyrnam
732 1431 892 1484 memorat
926 1439 1070 1481 marmor
1101 1417 1268 1482 Oxonien-
1323 1409 1466 1497 irripere,
1508 1419 1711 1498 apparitoris
1746 1414 1823 1478 loeo
1860 1414 2080 1482 haberentur

522 1527 578 1601 se,
607 1523 695 1609 quod
717 1537 767 1586 est
789 1519 905 1590 ordine
927 1520 1125 1584 secunduma
1164 1517 1268 1580 ΕΔΟ-
1324 1519 1406 1580 Eam
1428 1530 1537 1580 tamen
1561 1515 1640 1578 aiibi
1658 1515 1765 1580 inisse
1788 1516 1975 1595 illustrem,
2006 1521 2081 1604 pie·

523 1623 625 1690 ΞΕΝ.
643 1624 742 1690 ΤΩΙ.
762 1619 936 1687 ΔΗΜΩΙ.
952 1615 1265 1685 ΣΤΡΑΤΗΓΩΝ.
1323 1639 1462 1704 namque
1479 1617 1660 1701 dignitatis,
1683 1611 1782 1702 atque
1795 1618 1893 1681 etiam
1911 1633 2079 1702 potestate

522 1723 587 1790 ΓΝ
590 1723 783 1793 QMH
750 1727 887 1790 Placuit
903 1722 1008 1806 popul
1007 1743 1025 1784 o
1043 1724 1083 1784 de
1101 1723 1268 1784 sententio
1319 1721 1551 1804 eonspienam‚
1577 1737 1653 1782 cnm
1675 1719 1790 1783 citatus
1810 1719 1949 1802 Nepotis
1972 1721 2077 1798 loeus,

519 1843 720 1912 praetorum.
754 1830 792 1889 In
816 1845 980 1890 marmore
1006 1823 1121 1908 Sponii
1141 1825 1268 1884 Benna·
1323 1835 1392 1884 tam
1409 1835 1443 1885 et
1457 1834 1666 1884 monumenta
1682 1819 1745 1884 alia
1760 1818 1881 1886 affatim
1900 1835 2077 1888 testantur.

522 1945 574 1992 tas
595 1930 714 1994 dieitur
731 1923 956 1990 ΣΤΡΑΤΗΓ
959 1924 1034 1989 02.
1050 1915 1266 1986 ΠΡΩΤΟΣ.
1325 1923 1392 1986 Sed
1424 1924 1510 1986 enim
1540 1922 1650 2007 dispar
1681 1921 1764 1985 haee
1795 1923 1880 1986 ratio
1914 1926 2001 1988 nihil
2037 1927 2077 1990 ad

522 2027 615 2096 ΔΙΣ.
645 2035 784 2093 Praetor
796 2031 924 2110 primas
941 2031 1061 2088 iterum
1082 2027 1120 2106 ¹).
1149 2023 1268 2086 Temni
1323 2040 1532 2108 praesentem
1555 2044 1682 2088 eausam
1703 2022 1791 2090 iaeit.
1822 2025 1988 2090 Nimirum
2012 2049 2076 2092 non

522 2131 672 2195 Aeolidis
695 2129 899 2214 praesedisse
926 2141 1092 2209 praetores
1115 2127 1267 2210 quinque,
1325 2141 1376 2190 est
1397 2125 1609 2210 spectandam
1627 2145 1766 2204 nomen,
1791 2129 1880 2214 qnod
1902 2129 1985 2194 dare
2010 2151 2076 2194 ma-

522 2234 633 2318 paullo
653 2253 750 2316 supra
770 2251 811 2292 ex
830 2229 998 2292 Ciceronis
1020 2228 1204 2292 testimonie
1225 2225 1271 2294 ti·
1324 2229 1398 2291 neri
1433 2227 1572 2310 cuipiam
1608 2227 1743 2311 publico
1780 2230 1901 2293 civitati
1939 2231 2075 2314 placuit,

525 2333 644 2397 dimus.
954 2357 963 2374 ·
1321 2327 1386 2391 sed
1405 2342 1557 2413 quantum
1576 2329 1739 2412 dignitatis
1758 2343 1791 2392 et
1808 2333 1981 2414 potestatis
2004 2355 2074 2396 eam

586 2433 642 2497 sie
672 2445 706 2494 et
734 2444 918 2513 praeturam
948 2429 1075 2512 saepius
1103 2432 1268 2508 iteratam,
1320 2430 1389 2494 'hoe
1411 2433 1543 2495 nomine
1564 2433 1666 2495 fuerit
1687 2431 1909 2513 coniunctam.
1954 2436 2013 2498 Sie
2043 2451 2074 2498 et

524 2555 621 2618 supra
659 2532 807 2594 vidimus.
851 2533 887 2592 ln
924 2551 1023 2593 numo
1061 2533 1271 2596 Clazomenas·
1326 2531 1360 2593 in
1390 2531 1541 2614 populari
1568 2533 1729 2618 regimine
1753 2534 1919 2599 eivitatam
1940 2535 2075 2600 Germa·

523 2658 596 2700 rum
626 2633 748 2715 legitur
770 2633 918 2696 Zosimus
949 2645 1081 2715 praetor
1103 2638 1268 2711 quintam,
1325 2633 1399 2694 niae
1430 2633 1519 2697 inter
1548 2637 1652 2718 prima
1682 2635 1889 2718 magistratus
1919 2638 2074 2702 subsellia

525 2760 589 2826 qno
608 2735 787 2801 auctiorem
806 2755 979 2798 nnmerum
1003 2756 1070 2799 non
1096 2735 1269 2809 habemus3
1319 2733 1433 2796 ioenm
1450 2733 1631 2815 obtinetis,
1647 2737 1703 2821 qui
1720 2737 1830 2800 scriba
1845 2741 1939 2802 ardis
1953 2739 2075 2818 (stadt-

524 2860 705 2926 qnanquam
728 2851 762 2900 et
783 2838 817 2899 in
838 2837 985 2921 Aspendi
1014 2856 1113 2899 nume
1140 2837 1270 2920 legatur
1322 2834 1513 2919 schreiber)
1535 2839 1735 2922 appellatur,
1765 2851 1800 2902 et
1829 2839 1931 2925 lenge
1963 2839 2075 2904 differt

527 2937 747 3003 ecM1noc.
763 2938 834 3000 ΤΟ.
853 2937 889 3000 G.
909 2953 941 3002 at
956 2939 989 3001 in
1009 2958 1169 3001 marmore
1189 2939 1272 3022 Spo-
1328 2957 1346 3000 a
1375 2937 1555 3000 scribarum
1583 2937 1705 3024 raige,
1743 2940 1800 3025 qni
1834 2945 2074 3008 mercenariam

524 3041 571 3104 nii
596 3040 754 3104 habemus
778 3041 863 3126 apud
883 3044 1018 3125 Megara
1038 3040 1162 3104 Atticae
1182 3039 1271 3104 One·
1327 3050 1452 3100 tantam
1489 3059 1641 3103 mannum
1679 3041 1896 3106 ministeriam
1934 3065 2075 3110 eommo-

526 3143 640 3208 siciem
672 3165 828 3231 ςρατφγοι
858 3141 914 3210 BI.
945 3143 979 3206 id
1011 3158 1080 3208 est:
1120 3143 1271 3206 duodeci·
1322 3139 1417 3203 dant.
1456 3141 1561 3204 dalius
1596 3141 1716 3206 Pollux
1753 3145 1842 3208 varia
1876 3147 2073 3213 scribarum.

525 3269 614 3310 enam
635 3244 680 3328 Ιι).
1330 3242 1385 3326 qni
1407 3241 1545 3305 Athenis
1566 3245 1680 3321 fuere,
1712 3265 1848 3310 manera
1878 3266 2074 3312 commemo·

888 3327 906 3365 *
993 3375 1012 3412 a
1326 3356 1395 3422 ηις
1425 3343 1505 3406 alius
1532 3343 1787 3423 sinirnensis,
1813 3347 1980 3434 qaijaxta
2006 3373 2073 3433 pry

587 3443 950 3526 ΓΡΑΜΜΑΤΕΤΣ,
981 3449 1147 3510 SCRIBA.
1189 3448 1271 3529 Ejus
1326 3457 1454 3508 teneam
1476 3445 1601 3510 electus
1624 3461 1712 3512 sorte
1733 3449 1796 3510 suit
1827 3449 1868 3512 ad
1898 3451 2072 3514 servandas

525 3551 669 3615 conditio
691 3548 776 3632 apud
801 3549 905 3612 varias
927 3544 1073 3611 civitates
1092 3548 1178 3611 varia
1199 3547 1269 3611 init.
1326 3543 1450 3609 tabulas
1472 3559 1507 3609 et
1528 3547 1682 3626 decreta,
1714 3549 1796 3613 attus
1823 3551 1954 3614 electus
1984 3577 2001 3614 a
2027 3575 2073 3614 se

527 3651 672 3720 viluisse
708 3651 853 3724 Romae,
891 3649 1038 3732 pluribus
1078 3649 1269 3712 testimoniis
1326 3659 1402 3708 nata
1432 3647 1613 3732 adleget,
1644 3650 2071 3736 alieseleetnsapopaio

528 3748 864 3860 eriespspanhemins
883 3755 936 3830 )‚
967 3770 1104 3832 quornm
1127 3749 1272 3814 laonien·
1328 3749 1491 3832 praelegit
1512 3751 1638 3814 senaim
1651 3765 1692 3817 et
1713 3753 1836 3836 populo
1857 3751 1901 3835 d).
1936 3755 1987 3816 Ex
2010 3775 2071 3837 qao

527 3848 688 3919 tissimum
711 3865 762 3914 est
775 3851 929 3915 Cornelii
950 3853 1086 3935 Nepotis
1108 3853 1272 3938 loquentis
1328 3862 1480 3934 apparet,
1515 3851 1551 3912 in
1579 3853 1660 3935 ipsis
1687 3856 1789 3918 etiam
1818 3855 1959 3920 Athenis
1988 3858 2071 3920 inter

529 3959 571 4020 da
589 3959 756 4029 Eumene,
776 3957 905 4029 itoqae,
923 3953 1043 4038 inquit,
1063 3977 1136 4017 eum
1154 3957 1273 4018 irabait
1328 3952 1567 4017 aeribesiaisse
1579 3953 1719 4019 honoris
1737 3956 1923 4022 discrimen.
1953 3958 2005 4020 De
2023 3979 2071 4020 aa·

528 4056 714 4142 (Philippus
734 4057 909 4138 Amyntae)
933 4059 978 4118 od
1000 4077 1132 4118 monam
1155 4055 1273 4119 SCRI·
1298 4089 1302 4100 ι
1328 4054 1377 4118 ria
1393 4055 1458 4120 nac
1480 4053 1659 4120 scribarum
1681 4059 1767 4142 apnd
1789 4058 1935 4124 Graecos
1964 4059 2070 4124 condi·

527 4162 632 4226 ΒΑΕ
654 4161 744 4235 laco,
773 4161 860 4238 quod
883 4159 987 4220 muita
1013 4159 1102 4237 apud
1128 4155 1275 4222 Graecos
1330 4159 1420 4221 tione
1448 4159 1525 4242 legs
1556 4161 1725 4241 praeclare
1756 4159 1973 4224 disserentem
2003 4163 2069 4224 Bia·

451 4287 456 4294 ·
526 4259 796 4347 honorificentias
818 4271 889 4334 est,
922 4279 1019 4340 qaam
1042 4261 1131 4342 apad
1154 4261 1276 4322 Romo·
1324 4259 1419 4344 giam
1441 4266 1481 4341 ε).
1513 4259 1565 4322 Ad
1582 4259 1687 4324 nostri
1704 4261 1888 4345 argumenti
1904 4282 2020 4325 names
2039 4277 2070 4324 ut

528 4386 598 4429 aas.
630 4361 718 4429 Νιιιιι
733 4363 827 4442 epad
844 4379 1047 4434 norreaara,
1074 4364 1273 4438 aientium,
1329 4373 1496 4438 reverter,
1526 4375 1653 4426 certam
1684 4376 1752 4438 est,
1787 4363 1821 4426 in
1851 4361 1985 4428 nrbibns
2014 4365 2070 4438 iia,

528 4467 725 4531 mercenarii
760 4465 890 4528 scribae
924 4465 1174 4526 existimantur.
1218 4463 1273 4525 At
1327 4483 1464 4548 qnarnm
1493 4464 1675 4550 catalogum
1704 4464 1802 4542 dedi,
1839 4463 1980 4528 scribam
2011 4487 2069 4528 ma·

454 4699 460 4710 ·
564 4691 595 4760 a>
615 4686 922 4762 nise.p·556.n.9e·
1032 4683 1068 4756 b)
1088 4683 1432 4762 Miscell.p·329.n.20.
1542 4687 1573 4760 a)
1591 4691 1626 4746 Τ.
1638 4689 1659 4746 1.
1678 4695 1785 4767 paon:
1895 4687 2068 4761 d)1..vtt1.

528 4795 619 4854 sagn.
630 4785 675 4849 οι
785 4777 817 4846 e)
836 4773 874 4831 de
892 4775 1008 4834 Decret.
1026 4773 1134 4830 Athen.
1153 4794 1179 4834 c·
1193 4785 1234 4840 ιδ.
