4338 5554
536 573 609 643 om
1174 547 1437 624 CAPth

537 727 726 812 intelligere
757 735 952 810 praeturam.
996 720 1040 782 At
1064 719 1151 782 euim
1175 717 1204 781 si
1229 717 1281 784 uir
1335 717 1479 794 habitos,
1502 730 1536 782 et
1557 717 1673 784 eadent
1697 721 1799 785 inisse
1820 721 2003 806 dignitate,
2026 745 2080 808 qna

538 828 685 894 eruditus
715 828 968 910 Smyrnaeorum
997 835 1209 890 monumenta
1235 833 1281 884 at·
1336 820 1436 903 vulgo
1458 821 1491 881 in
1512 821 1799 888 urhihnsGraecis
1817 827 2000 889 eminuisse
2022 847 2080 887 om·

537 931 657 995 tentius
685 926 925 1012 persolvisset,
954 922 1088 988 vidisset
1115 943 1215 999 sane,
1244 921 1278 981 in
1335 923 1384 984 nis
1407 924 1539 1004 generis
1561 924 1771 1004 sacerdotes,
1802 927 1893 1010 quod
1920 941 1957 991 et
1983 941 2079 1000 erant.

536 1029 587 1094 hia
615 1050 680 1094 non
705 1041 867 1112 strategos
896 1027 1025 1102 solum,
1058 1024 1117 1088 sed
1145 1039 1179 1088 ct
1204 1044 1281 1106 pro·
1335 1023 1452 1107 passim
1470 1023 1619 1107 legimns.

538 1131 942 1213 consulescponymornru
964 1147 1056 1190 moro
1080 1125 1277 1210 propositos.
1401 1123 1492 1216 Quae
1523 1125 1585 1188 alia
1622 1128 1877 1212 stephanephori
1908 1129 2079 1194 habuerint

539 1233 696 1326 Qniue
714 1230 892 1294 meximiu
919 1227 1058 1294 foedere
1086 1228 1281 1308 Smyrnaeo·
1338 1225 1400 1288 sibi
1430 1228 1582 1308 propris,
1611 1241 1760 1292 veterum
1783 1245 1998 1296 monumenta
2019 1253 2077 1296 nnn

536 1355 609 1396 rum
647 1233 747 1435 grum
755 1330 984 1415 Magnetibus,
1008 1328 1109 1413 qnod
1147 1327 1280 1390 exhihct
1337 1326 1527 1412 prodidere.
1582 1327 1655 1422 Quo
1695 1329 1850 1394 habitu
1840 1355 1874 1394 ιιι
1913 1333 2078 1416 publicoru

537 1411 681 1508 masnade
710 1433 900 1497 Oroniense
928 1433 991 1508 11..
1027 1432 1280 1514 Smyrnaeorum
1319 1428 1584 1512 processerint
1602 1431 1759 1496 describit
1779 1434 1974 1498 Athenaeus
1999 1439 2079 1512 locu

683 1534 892 1620 reproditur
915 1553 982 1596 nou
1006 1545 1189 1614 strategus,
1221 1529 1281 1592 sed
1338 1551 1436 1615 quem
1460 1551 1559 1614 supra
1580 1532 1686 1598 citari.
1728 1535 1808 1597 Erat
1828 1555 1952 1620 nempe
1973 1537 2079 1620 Lysias

537 1556 2079 1724 stelligeraehmv0r0‚·tves1nyr·stephanephoauaerryrannuaindnrnsrs·

536 1739 695 1810 uasorum
728 1757 907 1820 euonymus
935 1735 1113 1799 secondum
1135 1753 1279 1796 marmor
1333 1734 1439 1796 nicam
1460 1755 1658 1818 pnrpuream
1679 1736 1754 1800 albo
1771 1735 1977 1816 distinctam,
2000 1743 2078 1804 ehla·

537 1839 693 1906 dicatur·
680 1859 787 1920 ιιριυς,
810 1838 880 1905 sire
905 1835 1084 1901 secundnm
1100 1835 1280 1900 Philostra·
1336 1835 1466 1917 mydem
1482 1850 1721 1921 sumptuosam,
1745 1837 1901 1922 subjectis
1919 1842 2024 1905 soleis
2041 1847 2079 1906 al-

536 1956 605 2026 tarn
624 1950 844 2019 ςεφαιηφορος,
867 1937 1004 2022 perinde
1025 1936 1141 2000 haberi
1159 1950 1280 2021 potest,
1335 1935 1386 1998 his
1407 1937 1604 2016 Laconicis,
1631 1939 1801 2004 redimitus
1823 1960 1948 2004 corona
1973 1943 2078 2008 laurea

538 2037 613 2110 ciam
645 2061 686 2106 ex
716 2041 874 2102 hactenns
899 2037 993 2102 dictis
1017 2049 1165 2128 constet,
1187 2049 1281 2116 sacn-
1337 2057 1380 2100 ex
1404 2057 1496 2105 auro.
1539 2041 1606 2102 Cur
1640 2054 1751 2104 antem
1786 2043 1983 2107 sacerdotes
2014 2049 2079 2110 his

539 2155 662 2224 ιηφορυς
682 2141 783 2202 fuisso
801 2144 912 2220 leesor,
935 2151 970 2201 nt
991 2138 1074 2201 adeo
1091 2138 1281 2206 Philostrati
1337 2158 1478 2202 coronae
1529 2143 1710 2225 gestatione
1748 2163 1868 2207 nomen
1912 2149 2081 2221 traxerint,

539 2246 643 2307 oratio
683 2240 882 2324 suffragante
916 2239 979 2301 hoc
1017 2260 1179 2304 marmore
1215 2241 1282 2304 exi·
1337 2260 1466 2304 cansam
1492 2241 1526 2303 in
1551 2257 1705 2328 promptu
1728 2265 1793 2310 non
1818 2244 1937 2310 haheo.
1987 2249 2081 2312 Coro

539 2345 606 2407 snie
643 2343 786 2426 juvetur.
836 2339 889 2404 Ad
932 2359 1110 2422 eponymos
1151 2354 1281 2404 nostros
1337 2364 1379 2406 na
1405 2341 1515 2420 enim,
1545 2357 1581 2406 ut
1604 2343 1770 2421 diximus,
1799 2345 1996 2412 sacerdotes
2022 2372 2082 2412 orn·

539 2442 823 2528 stephoncphoros
844 2455 880 2504 nt
894 2456 1118 2520 revertamur,
1141 2461 1197 2504 eos
1216 2445 1284 2506 Ma·
1337 2464 1398 2506 nes
1417 2443 1549 2522 decuit,
1578 2457 1613 2508 et
1629 2446 1807 2511 Asiarchae
1833 2467 1971 2532 quoque
1996 2471 2084 2515 corn·
2132 2519 2133 2522 ,

541 2547 674 2632 gnosiae
697 2563 827 2629 qnoque
852 2543 963 2606 ioniae
990 2543 1078 2607 forte
1105 2544 1140 2604 in
1164 2563 1284 2627 epony-
1338 2567 1379 2608 na
1404 2545 1548 2610 redimiti
1581 2547 1700 2623 fuere,
1731 2561 1906 2631 utsupra,
1936 2571 2020 2616 cnm
2049 2555 2085 2618 de

540 2649 602 2712 mis
625 2645 772 2721 habitus,
801 2645 900 2709 docet
921 2644 1011 2710 idem
1032 2665 1176 2708 marmor
1196 2646 1284 2708 inter
1337 2647 1389 2709 his
1411 2667 1562 2730 agerem,
1588 2666 1628 2709 es
1647 2647 1756 2713 Dione
1777 2649 2056 2733 Chrysostomo'
2047 2679 2087 2718 rn-

540 2747 745 2816 Orouionsia
766 2745 826 2824 11..
855 2747 898 2810 de
924 2766 990 2829 qno
1017 2746 1116 2810 modo
1145 2747 1282 2830 egimus,
1339 2748 1534 2828 dicavimus,
1557 2763 1590 2812 et
1606 2749 1807 2813 Flamuuhna
1824 2772 1960 2840 quoqne
1980 2757 2090 2844 Angu-

538 2853 571 2915 in
595 2871 659 2934 qno
683 2849 821 2930 legitur:
845 2841 1286 2912 Ess1,2TE‹l›ANH‹l›0-
1338 2849 1473 2914 stalibns
1512 2852 1546 2912 in
1580 2851 1757 2934 provinciis
1788 2851 1950 2918 indultam
1989 2857 2089 2924 fuisse

541 2948 643 3018 Por.
660 2944 966 3013 ΠΤΘΟΔΩΡΟΤ.
1004 2951 1056 3011 Ex
1077 2951 1193 3034 quihus
1216 2969 1284 3014 om·
1340 2971 1495 3036 coronam
1521 2973 1674 3035 auream,
1712 2953 1835 3019 diserto
1859 2967 2013 3026 testatur
2036 2965 2091 3026 hu

540 3055 634 3122 aihus
650 3063 761 3140 patet,
775 3049 1056 3136 stephanephnros
1072 3053 1190 3118 endem
1207 3053 1283 3120 loco
1338 3054 1449 3122 cianus
1463 3055 1507 3140 ¹).

1253 3493 1285 3582 c.
1307 3497 1364 3563 rx.

722 3729 802 3804 DE
836 3729 1417 3824 PANEGYRIARCHIS,
1448 3735 1908 3830 scottorttnrts.

1064 3949 1563 4032 ctMNASIAttcms.

541 4223 725 4356 Conjuosi
755 4280 824 4332 tres
853 4263 915 4332 hos
951 4268 1180 4352 magistratus,
1208 4271 1283 4356 quin
1514 4255 1912 4363 Panegyriarslsn'e.

542 4393 636 4438 cansa
657 4371 910 4456 conjunguntur.
948 4371 993 4440 Vt
1013 4372 1046 4434 iu
1067 4372 1285 4438 marmoribus

542 4475 699 4557 frequens
729 4492 845 4537 eornm
871 4471 1017 4549 mentio,
1048 4474 1094 4537 sic
1121 4475 1156 4537 in
1178 4475 1285 4538 nuruis
1393 4477 1729 4564 ApameaPhrygines
1745 4475 2118 4554 HATAEAKXIOT.

542 4578 666 4654 rarior,
684 4589 719 4639 ut
733 4573 857 4660 patebit
872 4593 912 4637 es
927 4588 1086 4661 sequente
1100 4577 1251 4642 elencho.
1343 4573 1492 4649 ΠΑΝΗ.
1535 4583 1572 4646 Ιιι
1591 4581 1676 4646 alio:
1698 4577 1813 4650 ΠΑΤ.
1832 4579 2120 4656 CTPATONI.

540 4723 2123 4758 *mm—-

588 4789 617 4858 a)
636 4781 676 4842 sd
690 4781 817 4860 Epictst.
832 4781 867 4844 Ι..
884 4783 908 4840 l.
925 4803 952 4844 c.
972 4795 1014 4858 ¹9·
