4444 5558
647 581 799 656 titan
830 581 1272 660 Atnxtttnntttt.
1685 591 1734 685 69

186 769 266 834 xus,
294 769 370 815 nam
397 749 539 816 adivisse
571 771 645 816 eam
672 751 865 837 regionem,
894 763 930 818 et
1049 733 1149 848 Qndd
1177 753 1300 820 ΑΙΩΝ
1320 753 1355 818 in
1377 753 1429 818 bis
1453 757 1577 835 nantis,
1607 757 1672 821 hoo
1695 756 1728 818 in
1793 753 1798 764 '

186 851 257 934 ejus
288 853 452 936 mysteriis
482 851 642 917 initiatum
672 854 780 920 relert
806 852 931 920 Diodo-
985 855 1140 919 Romanis
1158 857 1439 921 AETERNITAS
1457 858 1567 921 addito
1583 859 1681 922 etiem
1697 857 1730 918 in

185 975 242 1018 rus
266 955 306 1036 ¹).
349 951 469 1032 Adde,
496 955 737 1023 Alexandrinos
761 968 873 1022 cactus
896 969 931 1019 et
985 957 1037 1022 his
1054 977 1152 1042 saepe
1170 958 1332 1040 phoenice
1353 958 1555 1023 aeternitatis
1571 961 1729 1044 symbolo.

186 1055 330 1120 citherae
360 1055 466 1122 studia
496 1057 742 1125 immoderatius
779 1071 931 1137 sectatos,
986 1059 1094 1130 Varro
1110 1063 1161 1144 ο)ι
1180 1059 1314 1124 Aecum
1330 1063 1371 1123 ol
1386 1074 1499 1125 astate
1512 1065 1659 1126 omnium
1674 1081 1732 1124 an·

186 1177 285 1242 quem
309 1155 457 1224 furorem
479 1179 599 1226 severe
625 1161 775 1224 erutione
798 1160 933 1244 castige-
989 1181 1127 1235 norum3
1150 1163 1230 1226 ltine
1250 1165 1470 1238 aeviternam,
1498 1162 1735 1246 quodsaetunt·

186 1259 235 1324 rit
263 1259 330 1324 Dic
352 1257 603 1343 Chrysostomus
624 1259 657 1345 ¹2)
692 1260 801 1346 lepida
834 1261 932 1324 etiam
988 1276 1038 1326 est
1067 1273 1246 1333 aeternum.
1297 1263 1339 1324 Id
1360 1266 1410 1325 ait
1438 1263 1641 1346 Chrysippus
1660 1285 1733 1326 esse

186 1359 329 1444 Phrygis
350 1361 529 1446 cujuspiam
553 1377 702 1428 enarrata
722 1361 852 1440 labala,
869 1359 934 1426 Or·
989 1361 1092 1430 ἆιωνα.

186 1463 309 1549 pitenm
327 1477 498 1528 canentem
520 1463 754 1549 praeterferat
775 1464 855 1528 elias
875 1464 936 1526 im·
1245 1489 1268 1530 a
1351 1447 1371 1484 ⁹
1455 1494 1475 1531 s

187 1565 320 1650 pensius
335 1579 463 1630 secutas
479 1585 725 1649 etasavesque.
767 1565 852 1628 Eum
870 1564 935 1628 aits
1053 1559 1278 1626 ΕΤΘΗΝΙΑ.
1302 1564 1427 1649 alisque
1449 1566 1566 1630 similia
1597 1567 1660 1650 jam
1693 1587 1737 1630 ex

187 1665 335 1730 lunatum
349 1687 423 1732 cnm
438 1667 636 1753 pertinacius
653 1667 860 1751 plangerent,
875 1667 936 1728 im·
990 1663 1265 1750 praecedentibus
1284 1669 1425 1749 cognita.

187 1781 336 1852 petresse
361 1789 379 1830 e
403 1769 482 1834 lore
507 1766 638 1852 Orphei
661 1780 797 1832 matrem
818 1767 937 1832 Callio-

189 1889 274 1952 Μ’
297 1883 332 1933 “⁸
351 1869 385 1932 ⁵¹¹
406 1869 556 1933 ¹¹⁰¹¹¹i¹²‘⁸
576 1881 798 1986 'futmm’
820 1871 867 1988 ⁸.st
891 1885 936 1933 ⁸⁸⁸
992 1902 1096 1969 Numi
1121 1905 1158 1966 in
1174 1901 1353 1986 Augustos
1368 1919 1403 1969 et
1419 1907 1561 1972 Ilo'mam
1584 1906 1757 1994 officiosis

189 1991 284 2047 men,
311 1983 347 2036 nt
367 1984 516 2037 vaterem
537 1989 680 2034 animum
701 1983 737 2034 et
756 1970 863 2035 stadia
883 1991 937 2034 re·

189 2073 343 2138 tinerent.
387 2073 438 2136 Ex
461 2071 513 2134 itis
534 2069 751 2136 Macedonum
773 2071 935 2159 quoddam
1056 2069 1096 2132 Is.
1112 2065 1171 2130 IE·
1196 2068 1317 2151 Cupito
1332 2069 1451 2154 jugata
1469 2057 1641 2138 Antonini
1661 2089 1735 2134 eum

190 2195 294 2260 ganne
315 2185 444 2253 ortum,
466 2172 523 2260 qui
543 2173 682 2238 subinde
702 2195 777 2240 cum
795 2174 936 2238 Alexan·
992 2191 1115 2234 corona
1131 2171 1285 2246 radiato,
1308 2185 1341 2233 et
1356 2174 1554 2250 Faustinae,
1572 2191 1736 2256 praeque

189 2277 251 2342 dno
276 2295 364 2340 mare
385 2275 581 2359 transgressi
603 2275 821 2340 alexandrias
846 2274 937 2340 deni-
990 2273 1072 2335 iuno
1087 2270 1245 2336 bicornis.
1265 2273 1337 2336 ΔΕ.
1347 2275 1372 2336 1.
1392 2277 1494 2356 (iius.
1510 2276 1622 2357 Caes.)

190 2399 255 2465 qne
272 2377 466 2444 consedere.
498 2375 663 2472 Quocirca
678 2398 757 2463 pree
773 2377 844 2442 aliis
859 2376 938 2440 Ale·
1048 2371 1229 2435 Antoninus
1246 2386 1280 2436 at
1296 2375 1467 2452 Faustina,
1489 2377 1550 2439 etsi
1569 2378 1652 2440 haec
1668 2376 1736 2462 qui·
1792 2450 1796 2460 Ι

189 2477 364 2544 xendrinos
383 2491 480 2544 cantu
497 2479 675 2558 delectari,
697 2493 733 2545 et
747 2499 822 2544 cum
835 2477 938 2544 citha·
993 2473 1067 2537 dem
1085 2472 1207 2536 dudum
1223 2474 1393 2555 defuncta,
1412 2477 1490 2540 solis
1503 2493 1536 2540 et
1550 2477 1647 2540 lunae
1661 2479 1738 2540 ims-

189 2603 259 2646 rant
276 2580 428 2660 audiunt,
449 2595 587 2666 propter
599 2579 728 2666 Orphei
745 2582 937 2647 memoriam
994 2577 1071 2662 gine
1091 2591 1334 2661 proponuntur,
1356 2600 1419 2664 qna
1435 2579 1572 2644 indicari
1588 2580 1741 2644 Aeterni·

190 2683 310 2748 mentis
339 2683 412 2746 lere
442 2683 583 2767 impotes
607 2683 700 2762 lieri,
722 2705 797 2748 esse
828 2697 936 2748 autem
996 2693 1112 2758 tatem,
1134 2700 1230 2762 quam
1254 2693 1347 2746 vetus
1373 2680 1514 2746 adulatio
1536 2681 1740 2766 principibus

192 2785 336 2848 moribus
351 2786 444 2848 leves
459 2798 494 2849 et
508 2783 664 2866 stolidos,
687 2787 808 2872 quippe
824 2806 866 2852 ex
880 2786 937 2850 tali
995 2782 1160 2866 propriam
1177 2781 1306 2859 statuit,
1328 2781 1456 2849 abunde
1470 2785 1506 2846 in
1520 2785 1628 2850 nnmis
1650 2803 1739 2848 com·

192 2897 369 2971 prognatos
391 2886 527 2954 semine.
992 2884 1090 2948 matis
1104 2885 1145 2950 R.
1161 2883 1394 3024 comprababp.

1061 3031 1501 3155 umertcfontonmi.
1525 3088 1620 3154 nz.
1651 3089 1740 3154 ttae

250 3191 291 3256 L.
306 3187 348 3258 Ζ.
371 3191 538 3254 Iudicium
548 3191 685 3256 Paridis
697 3192 844 3274 eleganti
857 3193 939 3254 ima·
996 3189 1090 3250 rinus
1103 3189 1264 3250 barbatus
1278 3202 1374 3252 stans
1387 3211 1414 3252 s.
1427 3193 1644 3268 arundinem,
1662 3192 1741 3252 det·

190 3297 271 3376 gine
287 3295 506 3374 propositum.
537 3291 643 3358 Ant
673 3291 824 3376 (Macelli
838 3291 936 3378 Spes.
996 3299 1101 3350 terum
1117 3286 1230 3372 jungit
1251 3306 1326 3351 aum
1348 3291 1502 3352 adstante
1521 3287 1601 3353 Nilo
1623 3311 1650 3352 s.
1671 3309 1742 3351 eor·
1849 3279 1876 3296 '¹

192 3391 256 3458 tab.
273 3393 346 3477 xl.)
981 3391 1158 3472 ,nuoapiae
1175 3400 1322 3468 tenente,
1343 3392 1379 3453 in
1401 3391 1494 3470 eujus
1511 3390 1647 3454 deutera
1668 3391 1742 3452 bra·

248 3495 316 3562 1..·
326 3493 453 3578 Apollo
467 3493 682 3559 citharoedus
694 3499 771 3578 rupi
781 3497 939 3573 insidens,
995 3491 1071 3554 elsio
1090 3491 1223 3552 exultat
1238 3490 1387 3571 puellus,
1409 3492 1516 3555 altero
1529 3511 1591 3574 pra
1602 3491 1742 3574 pedidus

194 3597 356 3682 Marsyas
383 3603 427 3660 ex
458 3597 576 3660 arbore
596 3597 778 3680 pendulus,
812 3595 940 3678 Scytlsa
994 3603 1118 3656 stante.
1148 3589 1217 3656 ΔΕ.
1229 3593 1254 3656 1.
1279 3593 1377 3674 (Mus.
1392 3590 1504 3674 Caes.)

188 3701 378 3786 genuflexo
392 3699 535 3761 cultrum
549 3700 670 3762 ineote
683 3701 814 3762 ueniens.
832 3695 937 3766 titt
1057 3691 1156 3756 Numi
1177 3691 1273 3776 hujus
1296 3691 1471 3776 imaginem
1496 3694 1561 3778 jam
1587 3691 1665 3758 alins
1692 3695 1741 3780 pi·

193 3799 355 3880 (Peilarin
373 3801 454 3862 Rea.
471 3799 526 3863 111.
549 3820 582 3883 p.
600 3799 690 3882 add.)
995 3807 1079 3860 ctam
1105 3795 1173 3858 stiti
1194 3792 1239 3878 d),
1296 3793 1407 3859 Offert
1432 3795 1644 3861 concordiem
1673 3798 1741 3860 Ro·

249 3903 431 3987 Vtrumque
449 3913 695 3984 argumentum,
719 3899 807 3987 quad
827 3919 939 3986 saepe·
966 3919 973 3932 ·
995 3919 1109 3962 menos
1128 3897 1215 3960 inter
1237 3910 1272 3960 et
1286 3897 1486 3982 Aegyptios,
1507 3917 1648 3983 qnorum
1666 3899 1739 3964 vice

192 4023 332 4070 nnmero
351 4015 500 4088 veterum
521 4015 626 4066 artem
644 4003 813 4082 exercuit,
835 4002 939 4090 arpii·
995 3999 1128 4063 llumine
1140 3997 1270 4063 Tiberia
1286 4013 1319 4064 et
1329 4001 1423 4064 Nilus
1438 4001 1633 4084 iunguntur,
1651 4000 1740 4083 qnod

195 4127 269 4172 csre
293 4123 580 4190 supervacaneum.
991 4115 1030 4166 et
1045 4100 1152 4187 poetis
1167 4100 1327 4168 familiare
1342 4117 1483 4170 emente
1498 4102 1675 4190 Propertio
1696 4102 1737 4168 de

990 4203 1170 4290 Cleopatra
1189 4207 1232 4288 ε)ε

337 4343 347 4368 v
408 4347 414 4366 1
596 4349 604 4366 .
781 4351 788 4365 ,
1337 4368 1340 4383 ,

313 4347 413 4412 liumt
435 4367 508 4409 cum
531 4359 621 4430 {TW
642 4347 816 4412 mmm*
1038 4411 1139 4474 Auso
1156 4397 1232 4476 Ioui
1249 4421 1363 4475 nostra
1379 4412 1560 4474 latrantem
1580 4429 1740 4493 opponere

260 4473 444 4578 AtltNJL
471 4514 511 4576 B.
532 4513 586 4578 val
605 4539 634 4590 ς.
667 4516 818 4578 Picenis
836 4516 937 4599 globo
1481 4511 1640 4588 Anubin,

194 4623 362 4682 insistens.
385 4617 453 4680 ΑΕ.
469 4615 508 4678 11.
532 4620 631 4700 (Mus.
648 4616 683 4680 S.
698 4613 873 4702 Floriani.)
1078 4618 1126 4681 Et
1140 4615 1281 4682 Tiberim
1298 4613 1372 4680 lt'tli
1385 4615 1605 4699 cogereserra
1620 4617 1737 4676 minas.

231 4839 261 4908 a)
281 4835 314 4894 L.
333 4835 354 4892 1.
375 4855 400 4894 c.
417 4847 462 4900 23.
518 4833 784 4908 mensumn.
833 4819 1136 4910 attatum.
1191 4833 1219 4906 dj
1242 4797 1415 4909 Syllogels
1444 4823 1715 4912 3)1..111.1‹:t.11.
