4430 5564
483 457 595 595 Μ
797 515 798 520 ¹
909 501 929 562 1
1100 481 1448 571 ctrrrxxnt.
1554 457 1567 476 ”

488 677 576 740 mira
603 673 666 738 sibi
686 652 840 738 Romana⁴
853 669 1058 756 imposuisse.
1100 664 1231 736 Etenim
1286 673 1325 725 nt
1369 658 1545 744 perhibent
1567 651 1575 702 ’-
1592 655 1831 722 Coobianornm
1880 652 2047 716 itinerum

490 776 660 853 ridemus,
691 797 804 840 omues
823 775 896 838 fere
922 771 1066 836 omnium
1092 766 1235 840 colonia·
1291 775 1509 828 enarratores.
1559 759 1631 824 liae
1668 777 1750 842 erge
1786 777 1901 820 causae
1937 755 2045 839 piane

489 901 563 944 rum
591 878 730 956 linitos,
752 877 878 942 aediles
901 887 964 938 etc.
994 869 1028 932 id
1051 889 1154 952 genus
1177 884 1235 928 uo·
1291 862 1510 948 persuadent,
1540 861 1600 924 sub
1631 859 1771 926 nominis
1800 860 1842 920 R.
1871 855 2045 921 velamine

491 981 633 1043 minibus
664 998 737 1042 esse
766 975 942 1060 praeditos.
990 975 1032 1035 At
1059 989 1141 1034 vcro
1169 985 1236 1029 nou
1293 974 1360 1054 nou
1401 959 1532 1049 semper
1569 974 1625 1027 sut
1660 959 1827 1025 hominem
1856 961 1964 1042 geratis
1994 960 2047 1022 lt.

491 1102 645 1165 semper,
674 1100 747 1142 com
765 1078 955 1151 llriratum,
978 1065 1150 1138 aedilatum
1172 1082 1235 1133 etc.
1293 1079 1347 1130 aot
1373 1067 1443 1150 ejus
1470 1063 1648 1140 libertum,
1685 1061 1745 1126 sed
1771 1061 2045 1145 frequentissime

492 1182 640 1264 adirent,
663 1179 716 1243 rel
739 1178 780 1241 eo
800 1176 1035 1259 iungerentur,
1058 1176 1121 1258 jam
1140 1170 1238 1232 habe·
1293 1167 1505 1252 peregrinum
1524 1166 1646 1242 latere,
1675 1175 1710 1226 et
1726 1163 1816 1247 quod
1837 1163 1952 1246 colligi
1979 1179 2045 1247 po·

491 1285 570 1348 baut
590 1283 641 1366 jus
663 1280 820 1353 civitatis,
843 1278 902 1340 sed
927 1276 1009 1338 illud
1031 1275 1093 1338 sibi
1116 1271 1237 1336 obeun-
1293 1281 1374 1345 test,
1403 1279 1531 1332 notatos
1558 1265 1725 1329 insumis
1746 1265 1950 1336 coloniarum
1971 1283 2045 1328 me·

492 1369 543 1447 dis
566 1383 617 1444 his
643 1403 704 1465 per
726 1379 870 1444 coloniae
892 1379 1023 1441 Latinas
1047 1373 1240 1458 magistrati·
1293 1371 1445 1454 gistratue
1464 1367 1772 1453 plerumquesttiste
1787 1365 1939 1432 homines
1962 1385 2044 1432 ccu-

492 1485 554 1549 bus
571 1485 702 1546 demum
727 1495 801 1544 sunt
824 1479 964 1544 emeriti.
1008 1479 1059 1540 En
1079 1477 1175 1561 hujus
1191 1487 1241 1536 te·
1295 1472 1427 1536 ditionis
1445 1471 1653 1553 peregrinae.

493 1601 578 1650 stem
594 1586 776 1668 Appianum
801 1585 849 1663 *js
878 1582 999 1670 Vrbem
1015 1573 1238 1644 Novcccmum
1358 1575 1489 1637 interea
1517 1570 1711 1656 relinquis
1741 1569 1922 1649 existimet,
1945 1581 1965 1634 'a
1985 1589 2043 1634 me

495 1689 621 1750 Cursor
652 1691 688 1748 irt
716 1684 864 1765 Alpibus
896 1684 1010 1745 addito
1039 1680 1136 1744 Latii
1164 1676 1240 1756 'jure
1297 1677 1442 1760 gentium
1470 1675 1511 1736 tt.
1542 1675 1649 1748 viros,
1685 1685 1740 1740 aut
1772 1673 1911 1739 libertos
1942 1673 2042 1734 etiam

495 1788 664 1860 condidit,
687 1805 749 1864 quo
775 1783 1007 1844 continebatur
1024 1783 1101 1857 hoe,
1126 1792 1161 1840 at
1182 1779 1241 1856 qui
1296 1777 1337 1841 ab
1369 1773 1528 1840 obeundis
1565 1773 1755 1838 muneribus
1792 1770 2044 1858 municipalibus

496 1907 644 1952 canuam
667 1887 715 1946 ibi
735 1886 972 1964 magistratum
990 1885 1172 1961 gessisset,
1194 1881 1242 1940 ci·
1296 1873 1427 1962 penitas
1456 1873 1598 1938 excludi.
1652 1875 1704 1938 De
1734 1875 1845 1938 llriris
1873 1893 1956 1940 rere
1977 1875 2047 1938 llo·

495 1991 548 2050 eis
579 1987 623 2050 R.
648 1983 758 2068 fieret.
807 1979 894 2048 Vide
925 1980 967 2042 de
992 1981 1057 2044 hoe
1078 1979 1175 2063 ‘plura
1205 1976 1240 2039 iu
1297 1977 1400 2041 manis
1430 1976 1495 2059 jam
1524 1975 1630 2058 aliqua
1654 1971 1893 2061 proecepi,⁴et
1912 1976 2046 2053 Cicero,

495 2101 572 2150 ncta
592 2081 737 2146 Bimardi
759 2079 804 2162 ¹³).
847 2080 1006 2162 Reliquae
1039 2079 1158 2160 adjecti
1184 2097 1243 2140 no·
1297 2092 1335 2143 ut
1351 2098 1448 2161 supra
1464 2078 1497 2138 in
1515 2075 1687 2139 Aedilibus
1705 2076 1786 2153 dixi,
1811 2097 1903 2139 sunm
1927 2091 1962 2140 et
1980 2077 2048 2140 ira·

497 2187 593 2250 minis
619 2188 662 2248 tt.
680 2202 795 2246 causae
817 2182 1002 2266 peregrinis
1024 2179 1119 2243 luere
1142 2179 1244 2242 clien·
1299 2179 1358 2244 tris
1394 2179 1498 2240 lilium
1537 2177 1661 2240 aediles
1681 2171 1798 2261 Arpini
1827 2179 1901 2242 lieri
1929 2177 2046 2252 voluit,

498 2288 590 2363 tela,
628 2285 832 2365 hospitium,
877 2280 1049 2358 adiectos,
1089 2279 1241 2354 adulatio,
1300 2276 1515 2364 quibasadde
1539 2297 1580 2338 ex
1598 2277 1780 2340 illustribus
1803 2277 2048 2362 gentibusllti-

496 2406 654 2472 quorsum
684 2381 828 2464 pertinet
856 2379 1030 2443 adductum
1066 2401 1164 2463 supra
1192 2399 1245 2441 re·
1300 2400 1357 2442 ros
1385 2377 1610 2452 honorarior,
1649 2378 1691 2440 de
1728 2378 1844 2460 quibus
1881 2379 2047 2464 proxime.

494 2483 802 2573 gumexemplum,
823 2500 861 2543 ec
881 2481 1022 2563 denique
1045 2503 1108 2543 sna
1129 2477 1243 2544 libido.
1301 2477 1480 2545 Enimvero
1520 2477 1617 2542 laoile
1651 2478 1798 2542 adducor
1832 2493 1872 2542 ut
1901 2479 2047 2557 credam,

498 2589 616 2670 Neque
648 2585 734 2646 enim
771 2603 897 2646 morem
926 2581 1011 2645 burto
1043 2573 1261 2664 exprobrare
1301 2581 1431 2667 quaudo
1459 2581 1493 2642 in
1528 2580 1634 2645 rumis
1669 2581 1892 2659 coloniarum,
1922 2585 2049 2666 praeci·

500 2687 633 2777 lenibus
663 2684 824 2768 potuisset
852 2683 1070 2767 Apollonius,
1108 2683 1150 2745 de
1179 2701 1244 2764 quc
1301 2705 1366 2768 pue
1395 2683 1630 2758 illustriorum,
1672 2700 1746 2768 cum
1777 2685 1911 2748 nomine
1942 2685 2048 2768 gentis

502 2789 630 2880 egimus
654 2807 770 2870 supra,
806 2785 833 2847 si
861 2805 971 2850 reram
998 2803 1040 2846 ee
1071 2784 1243 2847 utilitatem
1302 2787 1343 2850 R.
1367 2785 1513 2868 juugitur
1534 2803 1743 2868 cognomen,
1775 2785 1863 2868 quod
1885 2785 1935 2848 illi
1957 2789 2049 2870 genti

500 2887 735 2975 percepissent.
780 2885 914 2970 Alioqui
940 2896 1035 2952 retus
1061 2899 1132 2948 erat
1159 2886 1246 2948 inter
1302 2887 1472 2971 proprium
1495 2885 1579 2960 tait,
1611 2897 1678 2948 tum
1704 2885 1870 2950 hominem
1893 2889 1933 2950 R.
1962 2887 2049 2952 baud

465 3003 467 3010 ’
501 2989 682 3056 Graeculos
700 2987 919 3063 cousuetudo,
937 2987 1128 3052 adsentandi
1140 2987 1245 3050 studio
1304 2987 1403 3050 dubie
1438 2986 1586 3052 iudicari.
1637 2987 1742 3052 llloris
1778 2991 1867 3053 enim
1897 2990 1981 3068 fuit,
2014 3005 2050 3054 ut

499 3090 699 3178 ¹potentioris
734 3087 912 3174 cujuspiam
954 3109 1075 3152 nomen
1105 3099 1247 3171 captare.
1306 3091 1375 3154 sire
1397 3090 1627 3168 manumissus,
1650 3089 1719 3154 sire
1743 3091 1874 3156 civitate
1900 3092 2046 3168 donatus,
2181 3093 2182 3166 l

505 3196 607 3256 'l'este
628 3189 768 3273 Polybio
784 3195 813 3274 r)
828 3193 1053 3254 Aristomenes
1079 3192 1248 3276 quispiam,
1306 3193 1376 3256 sire
1410 3211 1605 3275 quocunque
1642 3193 1742 3262 modo
1777 3193 1882 3257 cliens
1911 3213 2049 3276 praeuo-
2181 3169 2182 3204 i

504 3293 715 3378 Agathoclis,
742 3293 970 3378 quimagnuus
993 3294 1026 3354 iu
1043 3293 1250 3356 Ptolemaeo·
1307 3313 1383 3355 men
1405 3305 1544 3369 tantum,
1566 3305 1601 3354 et
1621 3295 1831 3378 nomenoius
1854 3295 2049 3374 adsumeret,

505 3417 579 3458 rum
596 3395 669 3458 auls
687 3413 806 3456 nomeu
825 3393 953 3471 habuit,
968 3389 1132 3458 fortunam
1149 3406 1251 3457 aeota·
1308 3396 1364 3479 qui
1380 3394 1434 3460 rel
1456 3394 1657 3472 manumisit,
1679 3395 1734 3462 rel
1757 3395 1886 3460 oi'ritate
1909 3395 2050 3474 donarit,

508 3512 582 3576 tus,
612 3508 706 3560 natae
735 3495 798 3557 sibi
827 3494 915 3560 liliae
943 3496 1165 3580 Agathocleae
1194 3515 1253 3556 no·
1307 3497 1362 3562 rel
1400 3496 1529 3579 patroni
1565 3495 1752 3560 loco-esse
1782 3497 1908 3576 voluit,
1945 3497 2050 3584 iisque

505 3619 583 3663 men
624 3594 725 3662 dedit.
780 3597 927 3688 ineptus
952 3600 1093 3661 Demeae
1135 3598 1253 3660 rhetor
1307 3612 1403 3664 retus
1434 3617 1527 3661 suum
1558 3599 1764 3681 cognominis
1795 3600 1873 3663 loco
1905 3599 2049 3664 adderet.
2181 3665 2182 3668 ,

508 3697 781 3784 apudbuciuuum
791 3698 1254 3784 'I'imonimisantbropoblau-
1308 3697 1364 3764 Sic
1393 3711 1430 3762 at
1460 3699 1620 3784 exemplis
1657 3713 1780 3764 tantum
1811 3701 1999 3768 inhaeream
2033 3724 2050 3764 a

507 3801 593 3863 ditus
621 3811 757 3875 ramat,
795 3819 832 3864 ee
858 3800 928 3861 filie
953 3801 1104 3863 'l'imonis
1130 3821 1252 3864 nonen
1309 3799 1619 3890 Sigouioadductie
1636 3798 1687 3882 d),
1714 3803 1800 3865 Tiro
1829 3817 1863 3867 et
1882 3804 2049 3868 Laureaa
2181 3793 2182 3802 ¹

506 3900 711 3984 imposuisse.
744 3899 923 3963 Enimvero
940 3923 980 3964 an
996 3921 1063 3964 nor
1080 3902 1251 3980 credibile,
1309 3906 1356 3970 hl.
1373 3904 1484 3986 Tullio
1503 3905 1665 3968 Cicerone
1688 3907 1873 3970 manumissi
1898 3905 2052 3993 deinceps

509 4005 596 4065 hune
632 4018 760 4063 morem
797 3999 831 4060 in
867 3999 937 4084 ipse
966 4003 1106 4066 hominis
1140 4018 1254 4069 natura
1310 4006 1390 4070 dicti
1409 4006 1562 4084 suerunt,
1583 4007 1642 4070 ille
1662 4009 1708 4073 tl.
1727 4007 1856 4071 Tullius
1877 4009 1978 4090 Tiro,
2001 4011 2051 4075 ltie
2181 4019 2182 4042 ¹

510 4123 585 4169 esse
613 4103 773 4186 positum,
806 4119 880 4164 cum
910 4123 1018 4186 nuper
1045 4104 1108 4189 ipsi
1136 4107 1255 4169 issula·
1310 4111 1357 4172 M.
1393 4107 1522 4171 Tullios
1562 4111 1702 4175 Laurea.
1745 4109 1914 4177 Diodorus
1959 4135 1978 4175 a
2012 4114 2051 4207 Q.
2181 4145 2182 4164 r

510 4227 583 4271 rum
618 4204 718 4270 maris
750 4201 884 4266 Pacifici
912 4203 1063 4281 incolae,
1100 4208 1254 4286 omnium,
1311 4210 1442 4274 Lutatio
1471 4209 1586 4273 Catulo
1616 4211 1747 4276 civitate
1777 4211 1915 4278 dunatus
1953 4215 2052 4278 uomi-
2180 4189 2182 4240 l

511 4329 594 4396 qnae
614 4321 707 4374 extra
725 4306 856 4370 eoelum
874 4327 968 4370 auum
985 4324 1257 4392 egerentursru-
1311 4335 1353 4378 na
1382 4314 1519 4379 subinde
1550 4313 1661 4377 habuit
1690 4314 1732 4407 Q.
1764 4315 1886 4377 Lutatii
1906 4314 2052 4394 Diodori,
2181 4291 2182 4374 J

513 4414 593 4488 dea,
612 4407 782 4476 testandae
801 4408 1053 4476 benevolentiae
1074 4433 1173 4478 cesae
1191 4415 1257 4477 Διι-
1313 4415 1430 4504 quibus
1472 4415 1558 4494 adde
1593 4416 1739 4480 illustres
1778 4418 1919 4481 clientes
1956 4439 2050 4504 reges
2181 4419 2182 4428 ’

512 4515 644 4598 glesum
677 4511 843 4595 hospitam
876 4514 1007 4577 nomina
1037 4516 1256 4599 sumpseriutl
1312 4519 1375 4602 jam
1406 4539 1506 4603 supra
1533 4515 1680 4581 laudatos
1707 4521 1758 4584 Ti.
1789 4518 1907 4582 lulium
1939 4521 2053 4588 Scuto·

509 4653 2055 4686 ...φ-...Μ

549 4725 579 4794 a)
598 4715 743 4780 Bell-eir.
762 4721 849 4784 bu.
869 4727 957 4789 oto.
1011 4723 1046 4800 b)
1066 4723 1284 4786 allaterat.
1301 4727 1340 4786 ll.
1359 4747 1389 4805 p.
1408 4739 1456 4802 29.
1508 4728 1540 4798 e)
1560 4725 1634 4783 llist
1653 4725 1760 4788 lali-V·
1780 4739 1864 4801 eto.
1921 4725 1958 4800 d)
1975 4727 1996 4786 Ι.
2011 4751 2035 4789 r.
