4468 5568
457 534 564 630 'ato
1123 539 1319 614 carto
1356 539 1400 613 v.

485 729 677 800 argumento
701 713 827 777 servire
853 723 1020 797 poterunt,
1046 710 1117 774 aliis
1137 710 1234 774 aliter
1291 711 1373 782 mina
1396 711 1451 793 ¹),
1473 731 1538 796 quo
1566 710 1640 774 loco
1664 710 1764 773 multa
1785 709 1883 775 'etiam
1906 711 2039 776 diruerit

417 833 430 844 ‘
486 819 669 901 explicatis.
1291 811 1332 876 de
1368 811 1492 896 juribus
1523 825 1556 874 et
1587 811 1770 896 privilegiis
1805 815 2037 896 metropoleon

416 995 421 1000 .
506 931 512 940 '
548 917 756 998 Mucpocuheq
784 929 927 1000 spectata
957 914 1152 1000 etymologia
1184 929 1234 978 cut
1289 914 1415 977 ratione
1444 913 1666 978 coloniarum
1697 917 1733 976 lo
1757 915 1861 976 numia
1884 937 1945 977 una
1971 917 2039 978 lle·

486 1025 564 1084 urbs
589 1032 712 1094 ntutcr,
735 1015 954 1104 rihharpoemuc
979 1016 1080 1094 istud,
1109 1031 1143 1079 ct
1163 1019 1235 1080 ele·
1289 1015 1398 1080 raclca
1419 1016 1590 1100 Bithyniae
1613 1033 1686 1080 aeae
1709 1015 1917 1099 metropolim
1942 1019 2037 1100 nujus

487 1135 622 1206 gauter,
644 1117 732 1204 quod
748 1131 783 1181 ut
803 1132 905 1180 mater
923 1119 1069 1202 prolem,
1091 1119 1138 1183 cic
1154 1119 1231 1182 urhe
1289 1115 1534 1202 significationis
1563 1119 1737 1203 prolitetttr
1765 1115 1906 1182 docente
1936 1140 2035 1182 numo

487 1221 603 1286 urbem
633 1221 722 1286 velut
753 1217 911 1304 quandam
933 1219 1064 1303 generis
1086 1222 1136 1285 oui
1158 1240 1233 1303 pro·
1288 1219 1446 1284 Gordiani
1481 1221 1529 1284 sic
1562 1219 1742 1304 inscripto:
1786 1215 2038 1286 ΗΡΑΚΛΕΩ·

488 1323 553 1386 lem
577 1334 894 1406 potestprocreaco.
927 1321 1056 1384 Dicitur
1079 1340 1178 1406 ergo,
1199 1335 1232 1384 et
1291 1319 1398 1386 TttN.
1432 1318 1638 1384 MhTPOC.
1674 1315 1916 1386 ttssotttttlt.
1957 1315 2040 1384 [10-

489 1438 540 1487 eat
562 1423 638 1485 urbs
661 1421 830 1507 quaepiam
852 1431 971 1496 mater,
1000 1441 1081 1505 quae
1109 1422 1151 1486 ob
1182 1445 1232 1489 va·
1288 1420 1429 1488 ΛΙΩΝ.
1471 1423 1745 1484 Heracleotarum
1775 1422 1883 1512 urbis,
1916 1429 2039 1486 matris

393 1571 396 1580 .
488 1525 552 1589 rina
581 1545 691 1588 causae
718 1543 760 1586 ex
788 1542 921 1584 auorum
947 1542 1086 1586 numero
1114 1523 1234 1590 citium
1292 1525 1498 1586 coloniorum
1517 1525 1660 1585 urbium.
1689 1519 1766 1617 ¹Quo
1786 1523 1872 1587 istud
1887 1524 1962 1608 jure
1981 1544 2040 1607 po·

488 1626 565 1691 alibi
595 1625 739 1689 coloniae
767 1623 948 1698 constituit,
982 1625 1073 1706 cujus
1094 1625 1234 1710 ,quidem
1290 1625 1390 1688 tuerit
1407 1623 1597 1701 adlirmure,
1623 1623 1762 1686 diximus
1779 1625 1960 1689 iumooetu
1979 1625 2040 1690 ltu·

488 1726 626 1791 instituti
653 1725 777 1788 inlicita
799 1744 938 1788 numero
960 1727 1064 1790 omnia
1086 1727 1158 1791 aeti
1179 1728 1234 1789 ha·
1289 1724 1340 1807 jus
1367 1725 1476 1789 urbis.
1521 1723 1619 1788 Addo
1657 1725 1780 1809 'Pyrum
1806 1725 2037 1804 Phoeniciae,

491 1826 792 1909 hemuaexempla.
832 1827 877 1892 Vt
906 1839 1029 1890 taceam
1055 1827 1235 1892 vetustint-
1291 1843 1374 1909 quae
1400 1827 1529 1891 Thebas
1550 1828 1730 1901 Boeotiae,
1758 1848 1848 1891 auam
1875 1849 1936 1912 per
1957 1827 2040 1894 Cad-

490 1951 561 1994 mos
579 1929 780 2003 Rhoeuicea,
810 1927 1035 2013 quiquaestut
1054 1948 1151 1992 causa
1170 1951 1235 1994 ma·
1292 1947 1379 1988 mum
1392 1927 1497 1991 ¹liliam
1513 1929 1617 1990 numia
1635 1929 1817 2013 inscripsit,
1845 1942 1913 1991 tum
1930 1943 1964 1994 et
1980 1930 2040 1992 Di-

488 2034 538 2097 ria
565 2032 672 2096 ornniu
697 2029 738 2094 ad
759 2028 927 2092 Oceanum
958 2048 1061 2114 uaque
1086 2028 1234 2096 deductis
1292 2027 1385 2092 donia
1404 2031 1566 2106 meminit,
1588 2051 1671 2115 quae
1689 2031 1778 2114 'l'yro
1796 2031 1943 2113 proiecta
1961 2033 2038 2096 Cat·-

490 2155 566 2199 ate
588 2130 1017 2213 coloniist‘requentarunt,
1048 2131 1120 2214 quis
1144 2132 1236 2217 igno·
1292 2131 1458 2213 thaginem
1493 2131 1650 2196 condidit.
1694 2131 1850 2194 Ceterum
1885 2133 2040 2218 copioso·

475 2251 540 2300 rat
568 2236 734 2318 copiosam
762 2230 964 2293 Graecorum
994 2231 1144 2296 sabotam
1175 2255 1235 2319 per
1291 2231 1448 2294 habemus
1466 2253 1597 2310 numos,
1626 2233 1659 2294 in
1684 2234 1799 2318 quibus
1823 2233 1922 2298 urbca
1948 2237 2040 2300 colo·

493 2337 600 2402 omnia
635 2333 735 2396 maria
773 2331 1022 2409 mediterranei,
1059 2333 1237 2412 Adriatici,
1293 2331 1365 2394 niae
1391 2333 1521 2396 adscitis
1545 2355 1675 2396 auarum
1698 2337 1928 2419 metropoleon
1953 2337 2040 2420 typi·

491 2437 614 2520 Aegei,
641 2433 761 2496 Euxini
783 2434 893 2497 littora
916 2456 1076 2518 sparsam,
1100 2435 1237 2520 proban·
1294 2454 1405 2496 earum
1427 2454 1464 2497 ae
1486 2449 1541 2497 aut
1561 2433 1644 2499 liliau
1663 2451 1716 2498 aut
1729 2451 1849 2520 neptes
1866 2436 1970 2520 palam
1990 2451 2041 2502 te·

492 2537 577 2601 tibua
608 2534 747 2599 maxime
776 2535 1008 2599 fecunditatem
1031 2536 1238 2598 Atheniensi·
1293 2547 1432 2610 utantur,
1461 2535 1519 2598 scd
1537 2537 1578 2600 de
1596 2537 1880 2624 hiropportuniua
1901 2559 2038 2624 agemus

493 2641 573 2718 hus,
603 2635 989 2713 Corinthiicsldileciia,
1017 2637 1238 2701 Chalcidensi·
1274 2635 1325 2696 ·⁴tn
1350 2649 1486 2698 tractatu
1512 2637 1554 2702 de
1582 2639 1687 2702 numia
1714 2637 1927 2704 coloniarum.
1960 2641 2038 2706 Huc

493 2741 552 2804 bua
582 2737 762 2802 Euboeae?
795 2737 912 2802 Potuit
940 2739 1038 2800 etiam
1065 2738 1143 2803 urbs
1172 2738 1237 2802 dici
1294 2737 1388 2800 etiam
1405 2739 1549 2821 pertinet
1561 2739 1673 2802 titulus
1689 2731 1878 2824 metropolii
1883 2743 2039 2826 frugum,

492 2842 579 2918 avia,
610 2839 637 2903 si
664 2841 752 2903 forte
779 2853 894 2921 neptes
921 2837 1046 2906 habuit.
1091 2841 1146 2906 sie
1176 2843 1237 2904 Co·
1292 2844 1478 2920 μητροπολις
1506 2861 1563 2903 ros
1579 2862 1707 2922 :anemos
1736 2857 1871 2908 auctore
1893 2843 2040 2909 Aristide

492 2944 619 3006 rinthur
655 2941 717 3004 luit
748 2954 857 3005 muter
891 2941 1045 3023 respectu
1074 2944 1238 3024 Corcyrae
1294 2961 1335 3002 ex
1366 2941 1527 3022 Apollinis
1560 2944 1695 3009 oraculo
1730 2943 1850 3008 iuditua
1881 2945 2038 3022 Athenio,

490 3039 596 3116 filiae,
635 3057 669 3106 et
702 3042 772 3105 uria
803 3055 959 3123 respectu
989 3043 1185 3125 Dyrrhachii
1219 3067 1237 3108 u
1295 3041 1381 3126 quod
1406 3042 1485 3105 haec
1503 3043 1586 3106 urbs
1604 3043 1765 3128 beneficio
1782 3046 1916 3111 Cereris
1933 3049 2039 3134 prima

492 3144 685 3227 Corcyraeis
703 3142 846 3208 deducti.
880 3143 947 3207 Sed
965 3145 1137 3208 deductam
1154 3146 1237 3208 hunc
1295 3143 1404 3206 habuit
1422 3145 1550 3229 fruges,
1575 3160 1609 3208 et
1628 3145 1747 3210 deinde
1766 3169 1827 3232 per
1843 3169 1956 3213 omnes
1974 3164 2041 3212 ter·

492 3247 587 3312 ultius
605 3245 768 3329 originem
788 3259 922 3312 veteres
944 3246 1060 3310 dixere
1082 3249 1236 3326 mojorem
1282 3267 1347 3309 «ras
1369 3246 1584 3328 dispensavit,
1616 3248 1788 3334 additque,
1819 3249 1913 3332 hujus
1941 3249 2040 3314 laerte·

488 3351 654 3432 putrium,
699 3361 837 3410 irruerem
877 3347 929 3413 rel
964 3355 1113 3428 putrium
1152 3355 1239 3412 ortti-
1281 3349 1360 3409 :licii
1389 3369 1484 3412 cauta
1507 3351 1682 3434 quotannis
1702 3373 1723 3414 a
1744 3350 1879 3415 Graecia
1906 3352 2038 3436 frugum

492 3471 599 3531 quum.
640 3449 695 3512 stc
723 3463 757 3514 et
782 3446 943 3532 etampes
965 3449 1066 3512 urbes
1089 3450 1237 3532 ejusdem
1294 3449 1451 3532 primitiae
1480 3451 1557 3516 ‚huc
1601 3453 1713 3544 spissae
1741 3449 1784 3533 b).
1839 3455 1898 3516 Sin
1934 3453 2040 3530 ittutl,

493 3548 692 3628 conditoria,
720 3571 780 3614 acu
802 3551 901 3633 patris
924 3549 1029 3614 dictae
1052 3566 1125 3613 aunt
1147 3573 1240 3615 soro·
1294 3552 1462 3630 Athenae,
1488 3553 1567 3616 ilum
1592 3555 1664 3618 aliis
1685 3554 1876 3632 consulunt,
1899 3553 1949 3618 eui
1969 3557 2042 3618 iue-

492 3671 564 3726 res,
593 3664 627 3715 et
648 3651 762 3736 populi
784 3649 862 3714 dicti
882 3651 1021 3727 fratrea,
1046 3653 1237 3718 testantibus
1281 3675 1332 3718 -re
1354 3655 1565 3736 improvidae.
1601 3658 1681 3720 Nam
1706 3670 1789 3720 tecte
1812 3655 2038 3722 Demosthene

492 3751 578 3814 istud
608 3752 873 3838 numisquogue
903 3771 977 3816 oum
1006 3767 1083 3818 nota
1111 3755 1238 3838 epiguu·
1293 3755 1512 3821 Athenienses
1530 3757 1703 3842 importuto
1720 3757 1853 3840 aliunde
1872 3759 2039 3824 frumento

415 3853 422 3862 ’
492 3853 576 3938 phe:
601 3845 1069 3920 AAEA‘l’ssN.AHM.(lN.
1083 3858 1237 3938 flatrum
1295 3859 1440 3922 omnium
1476 3860 1665 3924 mortalium
1680 3859 1744 3923 mei
1774 3876 1849 3925 eunt
1879 3862 2040 3944 plurimo,

491 3955 789 4038 populorum-quo
802 3955 938 4018 nomine
955 3955 1184 4041 intelligendas
1200 3958 1239 4020 ll·
1296 3981 1443 4046 magnam
1471 3975 1597 4045 partem
1622 3984 1640 4030 a
1664 3963 1900 4046 remotissimis,
1916 3965 2041 4050 Bospo-

482 4055 863 4138 .lustreaSyriaeut·bea
885 4057 1238 4138 Antiochiam,8elou·
1295 4064 1381 4127 rania
1405 4064 1508 4147 petita
1532 4065 1572 4146 ο).
1612 4065 1794 4129 Sedenim
1824 4057 1913 4142 aliud
1941 4083 2040 4152 orep·

493 4157 840 4237 eumeneticam,
871 4161 1064 4243 dpameam,
1102 4164 1141 4227 ab
1172 4185 1238 4227 uno
1294 4166 1416 4229 docent
1451 4167 1580 4233 subulae
1614 4165 1731 4248 lictae,
1773 4167 1862 4232 aliud
1904 4167 2038 4233 historie

375 4310 380 4318 ,
480 4261 637 4328 ,Seleuco
656 4260 817 4338 conditas,
843 4261 1104 4346 probavimus-in
1126 4287 1239 4330 mone·
1294 4288 1383 4332 veru.

479 4377 525 4429 tta
553 4364 683 4428 urbium
703 4362 915 4428 Seleucides.
949 4365 1027 4428 ‘Sed
1056 4369 1136 4430 nolo
1160 4388 1237 4433 ecte
1358 4369 1450 4434 Haec
1476 4385 1661 4436 comesset
1682 4395 1700 4437 a
1721 4371 1903 4460 principio,
1931 4391 2039 4458 neque

484 4467 627 4552 :longior
652 4469 698 4530 ·iu
734 4489 828 4532 causa
864 4467 1071 4552 pervulgata,
1109 4470 1143 4530 in
1174 4489 1239 4554 qua
1295 4473 1377 4550 ulia,
1408 4486 1442 4536 et
1468 4473 1508 4537 ab
1536 4473 1607 4557 ipro
1635 4475 1766 4558 quidem
1790 4475 1923 4540 nomine
1945 4474 2040 4542 ductu

482 4567 687 4653 ,explicanda
718 4572 870 4658 eopiotua
889 4569 969 4653 pium
991 4569 1064 4634 ,tuit
1093 4572 1240 4654 Sponte·
1294 4573 1518 4662 metropoleos
1545 4575 1757 4662 significatio,
1786 4578 1909 4641 factum
1933 4577 2042 4642 aubin·

533 4781 562 4836 u'·
582 4774 640 4836 hc.
714 4776 1235 4858 b)lul’anutheuuice''l'.1.p.105.
1308 4781 1340 4854 c)
1360 4791 1462 4839 contra
1478 4781 1633 4860 Leptiucm
1650 4801 1679 4857 p.
1691 4801 1729 4841 m.
1745 4761 1841 4846 545·Ι
