4338 5554
599 561 674 633 ne
708 560 1226 652 aacrsrflartevo„
1608 582 1673 662 tot

7 735 9 772 ²
43 759 48 770 ·
132 749 215 813 gnae
232 727 334 792 initae
347 727 547 793 auctoritatis
564 739 599 793 et
614 727 766 806 honoria,
786 727 874 813 quod
930 741 1007 792 tune
1037 727 1167 792 demum
1205 727 1328 794 toriltat
1361 717 1512 798 monetae
1547 734 1671 809 illatna,

7 839 9 846 ’
130 830 200 912 eiua
221 848 343 894 nornen
366 843 517 894 monetae
544 831 694 915 publicae
721 831 872 898 intulere.
931 830 1059 916 quando
1079 830 1130 892 illi
1153 830 1216 895 vita
1237 850 1433 910 excessere,
1462 833 1522 898 aed
1549 834 1672 898 scribae

7 951 8 954 ’
131 933 216 996 Sane
244 932 417 1000 tumultum
443 932 547 996 Paulo
575 931 616 997 ad
644 934 799 1016 populum
826 933 874 996 di·
929 933 1030 997 lubae
1053 930 1253 996 ordinarium
1275 951 1388 996 earum
1415 935 1580 1000 civitatum
1609 955 1674 998 uta·

131 1045 227 1102 cente
255 1033 382 1118 Eplteai
418 1047 569 1098 exortum
606 1053 802 1118 progreoaot
839 1035 873 1097 in
931 1034 1100 1119 gintratam
1131 1052 1345 1116 eponymnm,
1383 1035 1446 1098 niti
1481 1036 1584 1113 velia,
1623 1059 1673 1100 aa·

7 1147 11 1184 ⁵
121 1135 276 1200 medium
297 1134 403 1199 aeriba
427 1139 620 1200 auctoritate
644 1157 701 1199 ana
725 1154 875 1220 campea-
929 1137 1067 1199 chontea
1088 1150 1122 1201 ot
1141 1149 1311 1220 praetcrea
1334 1149 1501 1200 constante
1520 1156 1558 1200 ae
1580 1137 1676 1200 mira*

130 1238 197 1300 nuit
220 1240 259 1320 ⁸).
300 1235 387 1332 Quin
415 1249 448 1300 et
476 1237 510 1299 in
537 1256 702 1301 marmore
727 1237 872 1319 Epheaio
929 1236 988 1298 ltili
1006 1239 1083 1322 lego
1105 1238 1202 1302 timul
1220 1239 1362 1314 electct,
1388 1239 1485 1302 timul
1511 1239 1576 1304 rita
1602 1239 1672 1300 iun·

7 1353 8 1390 1
130 1337 215 1421 opud
242 1339 456 1402 Muratorium
480 1337 513 1418 b)
543 1341 583 1404 tt
602 1335 734 1404 Flavius
762 1341 873 1401 Mona·
929 1351 1011 1401 ctea.

7 1461 8 1470 2
128 1441 191 1502 tiua
215 1439 313 1504 timul
331 1435 552 1525 Γραμμιιτευς,
584 1439 682 1503 timul
706 1441 874 1524 Aetatem
993 1437 1118 1518 Vrbes,
1157 1459 1241 1526 quae
1277 1439 1497 1526 magistratum
1534 1439 1674 1506 acribam

128 1541 266 1619 dieitur,
289 1561 373 1627 quae
393 1542 560 1626 posterior
583 1540 722 1624 dignitas
745 1537 876 1602 nunniti
930 1538 1065 1618 aittunt,
1098 1556 1172 1604 aunt
1203 1562 1316 1606 omnea
1344 1540 1530 1624 provinciae
1558 1541 1673 1615 Atiae,

127 1641 207 1704 virio
247 1639 438 1726 provinciae
478 1641 642 1725 primariis
683 1640 875 1703 demandata
931 1640 1071 1726 demptio
1093 1643 1236 1726 Megaris
1258 1641 1397 1706 Atticae.
1435 1642 1463 1704 F
1465 1641 1616 1706 nerintne
1638 1641 1673 1702 in

129 1741 200 1804 luit.
245 1741 333 1836 Quin
365 1755 399 1805 et
427 1741 462 1804 in
492 1739 658 1804 nonnullis
691 1740 874 1804 civitatibnt
931 1742 1081 1806 omnibns
1097 1743 1147 1806 hia
1163 1740 1673 1825 eodemtemporeacrihaeduo,

7 1877 9 1910 t
128 1843 269 1908 acribam
295 1841 398 1905 fuitne
425 1843 648 1926 magiatratum
675 1843 873 1927 principem,
931 1842 1020 1928 quod
1058 1842 1180 1907 diserto
1221 1845 1370 1908 adfirmat
1407 1842 1599 1910 Vaillantiut
1626 1847 1671 1922 ⁸),

7 1985 8 2014 ;
128 1945 186 2006 ant'
201 1942 317 2007 aaltetn
334 1963 354 2006 e
372 1943 570 2027 primoribut
588 1965 705 2022 unum,
724 1963 874 2027 compro·
927 1964 993 2006 non
1013 1957 1138 2008 temere
1156 1944 1311 2040 edixero;
1333 1964 1441 2030 neque
1461 1944 1598 2006 enimin
1616 1963 1674 2005 nu·

7 2083 9 2100 ,
129 2048 183 2109 hat
200 2046 657 2128 marmoreditumaCupero
673 2047 719 2126 ⁰),
743 2067 807 2130 quo
826 2045 871 2106 di·
928 2045 989 2109 mia
1018 2046 1184 2129 hucuaqne
1213 2047 1351 2129 cognitio
1381 2065 1521 2130 unquam
1549 2045 1673 2128 legitur

128 2160 236 2212 etanta
246 2147 416 2229 Magnetes
428 2147 536 2210 leniae
555 2147 715 2210 honorant
731 2146 770 2208 T.
781 2141 871 2210 tor.
927 2141 1281 2208 ΓΡΑΜΜΑΤΕΤΣ.
1305 2141 1523 2211 ΠΡΩΤΟΣ.
1551 2146 1603 2208 vel
1624 2143 1672 2218 Α,

7 2219 8 2300 ἶ
125 2243 872 2311 ΜΕΝΑΝΔΡΟΝ.ΑΤΡΗΛΙΑΝοΝ.ΜΕ.
928 2245 1016 2330 ,aaa
1038 2247 1071 2308 a
1093 2247 1302 2312 aaronitas
1331 2261 1365 2311 et
1393 2246 1598 2332 ,maeatas
1626 2245 1672 2308 t·-

126 2348 202 2411 ΤΑ.
226 2343 443 2413 ΠΟΛΛΑΣ.
464 2341 637 2412 ΑΡΧΑΣ.
661 2347 754 2414 ΚΑΙ.
776 2341 872 2410 ΛΕΙ·
928 2363 1014 2411 ctum
1037 2349 1196 2413 ridemus.
1235 2352 1272 2412 ln
1295 2349 1391 2414 unico
1413 2349 1599 2434 Magnesiae
1621 2348 1672 2410 lo·

129 2443 872 2516 TorPr1A2.PPa1ttMATET2aNTA.
927 2450 1000 2512 niae
1022 2441 1121 2513 numo
1149 2449 1218 2512 bini
1248 2462 1443 2514 occurruntt
1484 2445 1579 2511 Elll.
1600 2443 1670 2514 ΓΡ.

7 2605 8 2614 ,
126 2546 238 2618 ΤΗΣ.
266 2548 487 2618 ΠΟΛΕΩΣ.
512 2545 794 2615 ΕΠΙΦΑΝΩΣ.
836 2549 893 2626 r„
929 2543 1173 2617 ΦΛΑΚΚΟΤ.
1192 2551 1284 2616 ΚΑΙ.
1304 2546 1599 2615 [tornentur.
1639 2589 1649 2600 -

126 2653 253 2718 Iulium
280 2654 499 2716 Menandrum
526 2651 774 2729 Aurelianum,
812 2655 871 2732 qui
1180 2694 1204 2735 ς,
1291 2651 1310 2690 ⁴¹
1395 2697 1415 2736 2

123 2767 200 2834 post
213 2754 335 2816 multos
352 2757 589 2836 magistratus,
609 2767 642 2815 et
661 2773 797 2816 munero
810 2773 871 2834 pu·
990 2751 1127 2816 Restant
1154 2752 1196 2817 de
1229 2755 1361 2839 triplice
1392 2754 1456 2818 hoo
1483 2751 1673 2838 magistratu
1732 2753 1736 2760 '

127 2859 216 2918 blico
234 2855 364 2918 scribor
386 2857 423 2916 t‘rt
446 2854 526 2915 urbe
550 2875 682 2916 munere
704 2855 874 2935 splendide
929 2854 1085 2915 nonnulla
1105 2858 1324 2938 communitur
1342 2852 1556 2919 observanda.

117 2961 264 3041 sonetur
279 2967 339 3016 est.
371 2955 423 3017 Ex
447 2973 513 3037 quo
536 2973 612 3016 anne
636 2967 772 3036 apparet
794 2953 873 3016 aeri·
992 2953 1017 3014 1.
1038 2955 1147 3018 Fuere
1170 2955 1287 3034 orbec,
1317 2977 1399 3040 qaae
1422 2976 1483 3040 per
1502 2955 1672 3019 intervalla

128 3056 188 3118 bae
215 3053 299 3138 apud
325 3054 386 3118 hoa
409 3057 579 3138 Magnetes
607 3053 763 3135 digniter,
791 3074 872 3137 quoa
928 3052 991 3134 jam
1027 3057 1231 3134 Archontea,
1267 3056 1331 3140 jam
1368 3069 1530 3138 strategos
1567 3055 1673 3118 numia

127 3157 251 3242 alioqui
270 3169 412 3234 contrat,
440 3176 540 3218 unum
560 3155 699 3220 aeribam
721 3171 872 3219 monetae
929 3157 995 3218 ania
1013 3155 1228 3238 inscripaere,
1250 3158 1420 3219 nimirum:
1441 3157 1674 3235 AttaeaPhry·
1707 3225 1715 3244 ·

127 3279 205 3324 tuae
220 3257 435 3342 interipaiaae.
458 3256 637 3320 advorsari
651 3257 783 3342 quidem
796 3258 872 3324 hnic
929 3259 1024 3341 giae,
1068 3256 1287 3340 Apolloniden
1321 3256 1464 3339 Lydiae,
1508 3257 1671 3320 Blaundoa

126 3347 871 3442 tententiaerideturVaillantiaa,oumaitdl:
927 3358 1070 3442 Lydiae,
1120 3359 1258 3422 Cilbiani
1300 3359 1489 3442 superiorea
1531 3356 1670 3442 Lydiae,

125 3467 159 3528 si
182 3463 307 3526 erclen
329 3473 390 3525 out
408 3471 547 3542 praetor
570 3481 588 3522 e
612 3465 684 3522 cita
707 3463 746 3522 irt
768 3465 873 3544 mogi·
926 3461 1067 3543 Cyzicua
1085 3460 1229 3542 Mysiae,
1250 3459 1366 3524 Daldia
1382 3457 1524 3540 Lydiae,
1547 3458 1669 3522 Germe

126 3575 237 3628 stratu
254 3567 403 3640 exierat,
429 3581 546 3624 nomen
562 3561 691 3623 scrt‘bae
705 3566 741 3625 t'tt
761 3563 872 3624 nemis
928 3562 1068 3644 Mysiae,
1093 3561 1375 3625 Hadrianotherae
1399 3557 1587 3642 Bithyniae,
1614 3559 1669 3620 Ni·

124 3667 340 3748 signabatur,
360 3665 500 3741 quodie
517 3663 670 3740 orbibus,
686 3661 746 3723 ubi
758 3683 870 3726 eorum
926 3663 1074 3727 comedia
1096 3661 1285 3746 Bithyniae,
1307 3661 1431 3727 Sardea
1451 3659 1593 3742 Lydiae,
1621 3661 1671 3721 Si·

125 3785 243 3836 nomen
255 3788 318 3847 pro
337 3769 541 3848 magistratu
555 3767 592 3826 ιἰι
605 3765 719 3826 nomio
732 3783 871 3846 oppone·
926 3763 1041 3830 landae
1058 3764 1192 3847 Lydiae.

124 3870 241 3943 batur,
259 3881 405 3948 apparet.
424 3863 574 3928 atenim
596 3865 796 3928 contrarium
814 3885 871 3947 po·
987 3869 1028 3932 11.
1050 3867 1183 3931 Factam
1203 3865 1316 3938 etiam,
1339 3877 1376 3928 nt
1395 3863 1509 3928 eadem
1529 3883 1668 3946 persona

124 3967 189 4030 tina
216 3965 339 4030 docent
362 3966 462 4034 narni.
501 3969 583 4031 Nam
607 3987 681 4030 oum
705 3967 738 4028 in
764 3967 870 4028 numia
923 3971 959 4032 in
987 3970 1134 4053 ejuadem
1160 3967 1350 4052 imperantis
1372 3968 1478 4032 numia
1503 3967 1566 4045 jam
1590 3966 1669 4027 aori-

125 4068 317 4132 Antiochiae
341 4069 473 4146 Cariae,
500 4071 665 4154 Apameae
689 4068 869 4152 Phrygiae,
926 4070 985 4148 ba,
1007 4073 1070 4135 iana
1087 4085 1222 4155 praetor
1238 4068 1416 4132 diceretur.
1441 4067 1496 4130 stc
1512 4066 1545 4128 in
1561 4068 1665 4130 notuit

124 4170 312 4254 Magnesiae
359 4171 493 4246 Ioniae,
544 4171 687 4253 Hylatae
734 4171 867 4246 Cariae,
923 4171 1082 4236 Hadriani
1106 4184 1139 4234 et
1164 4171 1321 4247 Sabinae,
1354 4169 1539 4232 Laodiceae
1564 4171 1668 4246 Phry·
1773 4193 1777 4200 ·

125 4273 232 4357 Nysae
263 4271 398 4348 Cariae,
437 4271 596 4335 Trallinm
626 4270 749 4353 Lydiae
788 4292 868 4334 nun·
924 4277 997 4359 gine
1014 4274 1117 4347 notia,
1142 4273 1204 4353 jam
1227 4272 1335 4353 legant
1364 4264 1665 4333 AFPllllllNOC.

125 4395 220 4460 qnam
244 4385 467 4435 memorentur
488 4375 662 4438 archontee
693 4375 745 4436 rel
775 4393 868 4456 prae·
922 4371 951 4436 Γ
955 4372 1069 4438 ΡΑΜ.
1102 4375 1165 4453 jam
1195 4367 1500 4435 ArettlntNoc.
1532 4368 1667 4434 CTPA·
1710 4393 1714 4403 ·

123 4490 235 4554 tores,
270 4493 403 4558 semper
425 4475 577 4554 acribae,
606 4474 771 4560 aequitnr‘,
800 4493 865 4538 non
925 4471 1104 4540 ΤΗΓΩΝ.
1135 4472 1290 4537 lnnumia
1308 4473 1474 4550 Sardium,
1500 4473 1557 4557 qui
1574 4493 1667 4556 prae·

160 4701 192 4770 a)
213 4697 396 4842 Actipoyt.
414 4694 530 4756 cxlx.
549 4705 630 4760 ees.
708 4693 742 4768 b)
761 4716 792 4774 p·
801 4706 863 4763 tct·
942 4699 973 4770 ο)
993 4697 1083 4756 Lettr.
1099 4697 1136 4755 de
1152 4699 1215 4756 crit.
1231 4697 1369 4775 p.ldt·’
1409 4697 1444 4770 d)
1463 4717 1542 4757 num.
1559 4700 1665 4758 Graec.
1767 4755 1770 4762 Δ

123 4799 229 4864 pete.
303 4789 333 4860 e)
367 4805 410 4844 .c.
1393 4817 1396 4824 ·
