4468 5568
561 530 638 602 nn
674 528 792 603 eor.
828 529 900 600 ur
936 528 1060 605 vec.
1097 525 1410 602 nuocouts.
1694 509 1767 624 290

216 717 275 762 eeu
302 697 539 762 oxoniensium
572 697 717 762 editione
746 701 787 764 ll.
821 695 960 762 boudin.
1021 693 1211 759 celebrandi
1233 715 1370 782 ugonem
1392 708 1426 758 et
1445 697 1601 780 templum
1619 699 1650 761 in
1671 700 1768 765 Com·

214 798 379 886 ptg.18(t.
419 799 577 862 Eruditue
598 800 653 864 liic
675 801 725 864 vir
746 801 870 884 primun
892 799 963 877 luit,
1020 796 1113 860 medi
1148 797 1307 858 bonorem
1342 794 1537 860 eedilicundi
1567 812 1651 863 teste
1688 803 1768 867 Dic·

216 901 273 986 qui
322 918 438 968 terum
487 899 640 966 vecebuli
688 897 964 964 ΝΕΩΚΟΡΩΝ
1020 917 1063 960 ne
1085 899 1125 978 ¹).
1163 894 1373 992 Quapropter
1401 897 1677 976 Nicomedeneee,
1710 903 1767 988 qui

215 1021 349 1067 censum
370 1001 475 1094 eruit,
507 1021 603 1088 quem
626 1001 670 1080 ii,
700 1001 756 1086 qui
778 1019 965 1086 preecetee·
1021 1020 1058 1064 ee
1074 1011 1168 1066 antee
1186 999 1301 1062 dixere
1323 1017 1486 1094 oecccrce
1508 999 1701 1084 eimpliciter
1723 1004 1766 1068 ob

177 1123 270 1181 ιη,
311 1115 366 1166 eut
402 1103 670 1186 inexplicabilem
699 1115 773 1167 cunt
803 1099 960 1186 protensi,
1018 1099 1179 1185 templum
1203 1100 1344 1184 Augutti
1366 1123 1384 1164 e
1407 1103 1572 1164 communi
1593 1101 1765 1188 Bithyniae

215 1219 269 1269 eut
298 1201 476 1266 infeliciter
506 1203 722 1290 interpretati.
762 1205 815 1265 De
846 1201 963 1266 additio
1017 1203 1175 1286 potitum,
1206 1199 1345 1286 poetbtc'
1368 1221 1405 1264 ee
1436 1201 1551 1266 dixere
1573 1203 1623 1266 bie
1645 1225 1766 1269 neeoc-

213 1305 378 1380 numerie,
407 1305 449 1368 de
481 1306 597 1388 quibus
625 1325 711 1370 nunc
740 1305 883 1390 egimue,
915 1304 962 1368 eie
1017 1323 1084 1368 roe·
1124 1305 1193 1368 ltt'm
1219 1321 1301 1368 vern
1331 1301 1619 1374 Nicomedensium
1647 1325 1764 1372 numer

214 1407 331 1472 tentitu
375 1407 546 1469 Nencoroe
583 1403 631 1470 ud
662 1423 864 1490 penegyret,
903 1423 963 1468 cett
1019 1406 1200 1468 sententiae
1219 1425 1296 1468 eune
1316 1405 1504 1489 plenissime
1526 1405 1639 1471 severe
1656 1409 1766 1471 exieri-

213 1529 307 1573 eecre
323 1509 514 1584 certnmine,
535 1505 860 1591 uiuepenteetericu,
889 1504 959 1570 tire
1016 1519 1101 1584 mnt3
1129 1503 1155 1566 ii
1168 1503 1277 1582 enim,
1304 1507 1429 1589 iuquit,
1453 1505 1507 1588 qui
1533 1504 1618 1572 Ate,
1643 1505 1765 1572 ΝΕΩ.

213 1611 285 1674 uliie
319 1607 564 1692 tempestatibus
593 1607 707 1670 ennuie
734 1607 896 1672 innovato
915 1617 961 1670 et·
1015 1601 1195 1670 ΚΟΡΩΝ.
1215 1604 1413 1683 inscribunt,
1430 1606 1580 1692 plerique
1599 1607 1664 1673 duc
1682 1611 1763 1674 tem·

213 1711 372 1790 tinctione3
406 1724 589 1792 temporum
619 1720 728 1771 nutem
756 1721 869 1784 neten,
900 1727 961 1771 teu
1015 1706 1070 1790 plu
1092 1703 1267 1782 exhibent,
1299 1720 1336 1770 ut
1364 1707 1420 1770 elii
1447 1707 1658 1790 trie-temple
1687 1731 1762 1773 cum

211 1829 387 1876 numeret.
408 1809 535 1891 t'eepiue
568 1807 713 1888 ndjectce
754 1829 820 1873 uon
858 1828 958 1873 ennon
1015 1807 1194 1892 epigraphe
1211 1803 1627 1872 TPICrNGilKOPstN.
1649 1812 1682 1872 in
1704 1833 1763 1874 uu·

212 1913 391 1987 exietimet,
411 1930 478 1974 non
499 1929 622 1992 egenen
643 1909 794 1993 riguere,
815 1909 874 1973 ced
888 1915 959 1971 ten·
1015 1911 1077 1972 min
1093 1907 1287 1972 Cerucullee.
1308 1909 1354 1969 At
1373 1928 1446 1970 cum
1465 1908 1665 1974 hiud'dubie
1680 1925 1762 1974 tem·

212 2011 396 2086 temnendo.
413 2010 558 2073 munerie
587 2031 646 2071 rtur
676 2009 838 2093 Nectum»
868 2011 958 2075 uices
1015 2011 1103 2096 plum
1128 2009 1313 2074 Coracellite
1339 2010 1569 2094 imperfectum
1597 2032 1762 2079 remenee·

211 2117 400 2194 ccctiuuee;
440 2111 527 2174 nude
557 2109 673 2188 fiebet,
705 2125 742 2174 ut
773 2111 958 2174 intermicet
1014 2113 1075 2188 rit,
1101 2114 1220 2175 iterum
1241 2109 1282 2174 ed
1300 2106 1384 2178 Alc.
1404 2109 1688 2180 ΝΕΩΚΟΡΩΝ.
1709 2135 1761 2184 rc·¹

212 2216 467 2304 prorogatione,
498 2211 560 2276 ulie
586 2211 739 2275 nimirum
766 2214 807 2276 ed
835 2213 958 2276 ceditu-
1015 2213 1145 2290 dicere,
1162 2223 1330 2294 resumpto
1347 2209 1759 2282 ΤΡΙΟ.ΝΕΩΚΟΡΩΝ.

212 2317 331 2382 nudum
359 2313 442 2379 urbe
472 2312 631 2391 suffectu,
667 2315 775 2392 civ'ce,
810 2313 866 2398 qui
893 2313 958 2376 hoc
1014 2316 1074 2378 tub
1089 2315 1265 2383 Valeriano
1279 2313 1313 2375 in
1328 2313 1433 2376 uomit
1447 2313 1543 2375 trium
1561 2315 1761 2398 templorum

211 2438 348 2482 mouere
378 2429 471 2482 enter
501 2414 565 2493 bie,
595 2429 665 2494 ter,
684 2403 958 2500 ,quaternorum
1014 2416 1300 2510 typoiueignibue.
1348 2481 1355 2492 Ι
1545 2471 1549 2482 ,

209 2519 354 2584 tidenter
374 2517 477 2582 functi
498 2531 626 2596 essent,
655 2517 745 2581 tices
774 2538 863 2593 enee,
898 2536 957 2579 eeu
1098 2520 1266 2582 Iudicium
1314 2513 1511 2579 lonttrtts'
1542 2511 1761 2584 Hennvlttt

209 2620 462 2707 prorogeticnee
499 2618 608 2682 denuc
644 2617 789 2682 minime·
815 2639 956 2703 unquam
1012 2621 1047 2684 in
1069 2621 1295 2703 numie'popp.
1321 2632 1355 2681 et
1382 2617 1476 2683 urbb.
1502 2619 1670 2682 illustratio
1698 2619 1759 2682 cub

208 2723 472 2797 dinumererent,
508 2717 568 2783 eed
604 2738 623 2781 e
657 2719 762 2804 prime
796 2717 890 2795 tice,
912 2718 956 2788 ,ci
1013 2715 1311 2786 ΑΒΟΛΛΛΙΩΝ.
1359 2719 1427 2780 Sub
1457 2719 1595 2796 eedem,
1634 2719 1758 2803 inquit,

206 2823 337 2910 quaudo
364 2825 484 2887 iterum
509 2817 635 2905 plurie'e
656 2819 795 2883 necccri
816 2818 962 2899 flerent,
1010 2823 1158 2908 principe
1173 2841 1238 2885 nou
1253 2819 1352 2884 modo
1367 2819 1488 2896 semel,
1515 2820 1574 2883 eed
1598 2819 1666 2898 bie,
1688 2835 1756 2901 ter,

206 2926 378 3003 cimiliter,
406 2937 444 2987 ut
474 2921 599 3006 primo,
634 2920 952 3003 redeuupicerentur.
1010 2937 1167 3010 quaterve
1188 2922 1306 2999 nrbee,
1338 2920 1434 2984 ludoe
1455 2935 1491 2983 ut
1514 2922 1670 2999 ederent,
1702 2924 1758 2989 de-

203 3029 297 3092 Heec
334 3025 386 3093 vir
423 3023 570 3092 eruditio
607 3021 649 3085 ed
667 3022 808 3086 'oraculi
842 3019 953 3104 Pythii
1008 3024 1205 3114 poscebant,
1236 3037 1270 3086 et
1299 3021 1410 3086 eximii
1439 3022 1574 3086 honorio
1600 3012 1676 3088 ioco
1699 3024 1757 3089 du·

202 3147 333 3192 merem
356 3125 496 3190 ebeoure
518 3140 596 3188 enne
619 3137 654 3186 et
673 3123 829 3206 implexe.
867 3124 976 3187 Siue.
1009 3127 1135 3190 cebant.
1173 3123 1283 3219 Quone
1315 3123 1458 3187 occurrit
1490 3123 1523 3182 io
1552 3125 1659 3187 uumie
1689 3119 1755 3203 dae,

200 3249 245 3294 ne
272 3229 343 3312 eJ'ue
375 3246 504 3292 tenuem
527 3237 619 3290 recte
642 3222 788 3288 educenti
808 3223 952 3292 Vitille'n·
1007 3247 1089 3310 reae,
1109 3247 1250 3306 uergente
1265 3221 1440 3302 Νεωιιορων.
1665 3223 1668 3228 '

200 3329 265 3396 ti'ue
293 3343 328 3394 et
357 3329 573 3393 Meneclenue
604 3327 639 3388 in
669 3324 949 3389 dieeertetionibue
1012 3329 1015 3336 '
1091 3329 1258 3392 Iudicium
1284 3325 1471 3388 ANTONll
1497 3323 1599 3392 VdN'
1616 3327 1752 3406 DALE,

199 3454 277 3498 mex
301 3429 456 3506 citandis,
484 3451 550 3494 uon
578 3447 708 3503 moror,
738 3447 813 3492 cum
840 3426 896 3493 t'el
916 3424 950 3488 'ii
1006 3428 1157 3516 quotient
1170 3429 1257 3492 iuter
1274 3429 1344 3511 ejn't
1362 3427 1608 3491 dissertationes
1620 3421 1677 3491 tx.
1693 3429 1756 3494 die·

198 3533 264 3622 ipti
281 3555 300 3598 e
318 3530 457 3596 seldeni
481 3531 700 3616 explicatione
723 3523 948 3594 recedendum
1004 3534 1182 3597 certatione
1203 3529 1262 3598 1V.·
1290 3551 1358 3615 cup.
1383 3529 1440 3596 tv.
1488 3529 1557 3594 S'nb
1587 3551 1670 3609 uno,
1706 3533 1754 3594 in·

200 3635 263 3699 eibi
283 3648 410 3721 putent.
1005 3635 1093 3720 quit,
1130 3633 1314 3716 eodemque
1344 3634 1562 3715 imperatore,
1597 3635 1653 3699 vel
1683 3636 1754 3718 plu·

284 3738 450 3799 Iudicium
500 3725 696 3798 dLuEtttt
742 3722 946 3807 Rvssuttn,
1003 3727 1096 3800 ribue
1124 3757 1187 3798 une
1216 3733 1450 3817 imperantibus
1480 3733 1580 3798 urbes
1611 3735 1755 3819 quende-

198 3835 287 3924 qued
312 3849 417 3902 exctet
436 3836 470 3898 in
492 3835 631 3900 dietribe
653 3837 695 3900 de
714 3829 875 3899 Neocurie
901 3829 948 3896 in·
1005 3858 1069 3923 que
1086 3839 1209 3912 semel,
1235 3834 1428 3920 quandoque
1444 3836 1510 3914 bie,
1536 3849 1589 3899 ter
1603 3837 1658 3901 vel
1676 3858 1752 3922 qua·

196 3954 284 4005 terte
312 3937 502 4004 Teme-XI.
526 3951 589 4002 eut.
614 3940 709 4002 Rem.
738 3935 877 4002 (J'reevii.
916 3939 949 3999 le
1004 3953 1058 4004 ter
1072 3937 1301 4004 ⁴fetetnefuisee
1323 3956 1502 4015 neeccrce,
1535 3939 1613 4022 quio
1642 3953 1752 4004 temen

195 4039 322 4106 edditoe
346 4060 503 4103 numeret
527 4037 566 4104 B.
587 4035 627 4103 Γ.
647 4038 686 4100 Δ.
710 4037 751 4102 ud
775 4057 947 4102 numerum
1005 4041 1213 4132 exigeretur,
1243 4041 1279 4104 ui
1306 4053 1355 4103 tot
1381 4041 1591 4124 erigerentur
1613 4041 1751 4125 templu,

195 4143 394 4227 templorum
417 4142 451 4206 in
472 4164 535 4206 unu
560 4139 741 4224 eodemque
763 4139 845 4204 urbe'
868 4139 945 4204 Cec-
1003 4157 1083 4229 quot
1099 4157 1193 4208 erent
1207 4157 1424 4220 neocoretne,
1450 4141 1513 4207 boc
1539 4145 1625 4206 euim
1649 4143 1751 4208 suisne

195 4267 301 4310 eurum
322 4245 442 4311 honori
462 4256 702 4308 exstructorum
720 4241 837 4310 refert.
860 4244 945 4307 Cen·
1002 4246 1086 4307 meri
1106 4243 1243 4313 erbitrii.
1268 4245 1360 4328 Ergo
1383 4264 1435 4308 ex.
1453 4265 1503 4328 gr.
1521 4245 1550 4308 el
1571 4247 1628 4307 uui
1648 4246 1750 4310 Seve-

194 4347 301 4413 iirmet
329 4347 419 4411 ietud
448 4334 736 4411 Nicomedensium
771 4347 945 4428 exemplo,
1002 4367 1040 4408 ro
1064 4347 1455 4430 coustitutum'templum
1478 4359 1511 4409 et
1533 4345 1619 4422 ludi,
1646 4347 1752 4411 semel

195 4451 250 4534 qui
279 4470 339 4533 per
368 4451 541 4514 Saoterum
571 4449 789 4534 impetrarunt
817 4447 943 4512 venium
1001 4447 1122 4512 liebaut
1146 4449 1302 4525 uceceri,
1333 4461 1368 4513 et
1387 4447 1521 4529 quidem
1545 4471 1583 4510 re
1606 4441 1752 4526 Σιβαςυς

232 4760 261 4829 ι)
281 4757 313 4818 L.
324 4757 444 4817 txxtt.
461 4760 485 4830 §-
499 4773 540 4821 tt.
