4468 5568
112 3831 118 3842 “
217 3842 368 3906 constet,
399 3827 604 3910 magistratus
641 3825 747 3887 numia
786 3821 961 3906 inscriptos

551 601 626 670 DE
661 599 780 670 Por.
815 599 887 668 ΒΤ
929 599 1051 670 VRB.
1086 601 1406 678 NEOCQRIS·
1688 627 1755 694 30t

211 767 458 846 minuerentur,
482 769 533 834 rel
554 772 635 833 baec
657 759 787 832 alicnde
807 768 957 832 demere·
1012 767 1180 832 veteribus
1197 769 1411 854 scriptoribus
1426 777 1618 852 memorari,
1642 779 1673 839 in
1691 797 1756 863 quo

209 884 328 935 rentur
346 871 465 947 urbes,
496 885 531 934 ιιι
560 893 634 936 cam
656 869 837 955 imperante
857 869 957 932 Tibe·
1014 871 1219 934 constiterint
1253 873 1338 939 fests
1373 891 1408 940 et
1435 875 1505 938 ludi
1527 881 1756 943 neocorntibus

195 965 279 1052 rio,
311 986 347 1038 nt
371 989 482 1038 narrat
509 973 662 1050 Tacitus,
692 973 788 1058 stylis
813 973 956 1037 Graeco·
1013 971 1149 1056 singulis
1169 973 1298 1040 adnexi.
1331 973 1520 1045 Verliimlle
1543 993 1650 1044 tamen
1672 998 1756 1058 esse,

211 1097 283 1140 rum
301 1075 417 1141 modus
441 1073 734 1164 praescribebatur.
890 1115 899 1126 ·
1014 1071 1160 1156 singulos
1182 1063 1378 1142 itcocoratus
1398 1083 1530 1166 propria
1557 1105 1613 1147 sus
1638 1099 1675 1148 ac
1701 1102 1781 1168 pe·¹

274 1179 442 1244 Iudicium
476 1177 657 1242 tosut’ttt
687 1163 957 1253 Puttunttttt,
1015 1175 1148 1239 culiari'a
1173 1178 1324 1244 habuisse
1353 1176 1446 1248 terta.
1489 1183 1651 1279 Quoniam
1676 1203 1757 1248 vera

213 1279 367 1350 dictatum
398 1281 431 1343 in
465 1281 535 1364 ejus
568 1299 693 1365 operes
731 1267 888 1364 Melange
908 1279 957 1344 ΙΙ.
1016 1273 1098 1341 haec
1120 1291 1253 1363 magnos
1283 1297 1430 1368 sumptas
1460 1285 1685 1368 postulabant,
1713 1286 1761 1350 ia·

208 1405 241 1466 p.
259 1384 330 1451 abb.
375 1383 411 1446 Iu
437 1383 656 1466 explicandis,
685 1382 811 1468 inquit,
839 1397 959 1442 neoco-
1017 1387 1126 1456 ctum,
1156 1397 1402 1448 utneocoratas
1425 1401 1492 1449 tres
1516 1385 1672 1452 darentur
1693 1403 1760 1452 tan·
1854 1412 1861 1425 ’

212 1499 341 1550 ratunm
369 1487 476 1549 numia
501 1473 592 1551 binas
615 1483 793 1549 occurrere'
822 1467 961 1544 dillicul·
1018 1491 1085 1541 tum
1103 1481 1236 1546 urbibus
1253 1486 1348 1568 primi
1364 1487 1505 1564 ordinis,
1529 1490 1595 1552 dun
1613 1490 1759 1570 secundi,

213 1601 312 1666 tates,
334 1607 470 1674 quarum
488 1590 591 1672 prima
613 1587 677 1670 jem
694 1584 734 1650 eb
750 1579 822 1649 aliis
843 1585 959 1666 agitata
1017 1581 1106 1664 quod
1134 1584 1188 1647 vel
1216 1583 1279 1667 ipsi
1307 1587 1397 1648 numi
1420 1589 1551 1653 docent.
1594 1589 1649 1654 Ait
1670 1591 1761 1655 dein·

212 1689 247 1754 in
261 1708 303 1754 eo
321 1687 482 1764 constitit,
505 1703 540 1749 ut
556 1688 749 1772 expediatur
767 1687 871 1762 ratic,
894 1692 960 1770 quo'
1017 1680 1076 1760 de,
1098 1701 1139 1745 ex
1158 1688 1263 1750 numia
1279 1689 1459 1753 verisimile
1475 1689 1569 1770 deri,
1591 1692 1690 1758 urb'es
1709 1692 1760 1756 bis

212 1805 310 1878 pacto
331 1789 410 1854 urbs
437 1791 626 1874 quaepiam,
648 1810 732 1873 quae
754 1809 790 1852 se
813 1787 875 1870 jam
900 1785 959 1863 bis,
1019 1784 1072 1848 tel
1091 1797 1144 1849 ter
1162 1807 1320 1852 neocorss
1340 1791 1475 1875 singulis
1494 1795 1585 1857 annis
1605 1795 1638 1856 in
1659 1795 1762 1858 hono·

213 1909 282 1974 tar,
307 1905 423 1978 quater
441 1879 831 1981 neocoramappellarit,
854 1887 962 1951 subin-
1018 1903 1089 1948 rem
1127 1887 1269 1970 plurium
1306 1891 1540 1976 imperatorum
1575 1895 1761 1960 celebrasse

212 1995 255 2060 de
279 2015 454 2060 numerum
482 1994 642 2056 minorem
663 1993 887 2076 inscripserit,
917 2003 963 2053 at·
1017 1985 1138 2064 ludos,
1179 2004 1213 2052 et
1243 1995 1414 2058 nonnullas
1443 1996 1631 2060 celebrasse
1665 1992 1762 2060 lutici

214 2119 277 2186 quc
299 2095 477 2161 iterumad
496 2095 651 2176 majorem
674 2091 961 2168 suumrediverit3
1019 2089 1158 2172 duplicis
1190 2095 1465 2176 generiseodem
1496 2120 1580 2162 enno
1615 2115 1650 2162 et
1673 2101 1762 2164 v'ario

214 2201 336 2276 altera,
359 2211 392 2262 at
412 2197 561 2260 omnibus
580 2196 886 2271 hactennsintaota,
905 2191 961 2278 qui
1019 2191 1089 2274 ejus
1113 2206 1274 2276 tempore.
1324 2197 1417 2280 Ergo
1443 2201 1552 2276 numi,
1583 2203 1618 2262 in
1647 2199 1762 2285 quibua

213 2297 354 2378 iactum,
385 2313 421 2362 ιιι
443 2299 543 2362 urbes
566 2295 745 2362 secundum
770 2309 805 2360 et
827 2296 960 2360 tertium
1018 2293 1158 2376 simplex
1180 2293 1456 2362 ΝΕΩΚΟΡΩΝ
1482 2301 1623 2383 legitur,
1646 2303 1779 2386 signati·

214 2415 427 2469 neocororum
452 2399 600 2485 ejusdem
624 2399 700 2463 anni
721 2399 828 2460 numia
849 2397 962 2462 inscri—
1019 2409 1094 2457 sunt
1111 2416 1205 2459 cansa
1225 2397 1398 2477 ludorum,
1426 2399 1467 2463 ad
1491 2422 1573 2487 quos
1596 2403 1663 2466 illis
1685 2414 1763 2466 nen·

214 2505 343 2570 beraut.
386 2504 466 2588 Ejus
497 2502 572 2566 bina
598 2501 706 2565 adiert
736 2502 886 2584 exempla
920 2521 962 2563 ex
1020 2513 1149 2560 coretns
1171 2499 1294 2582 primns
1321 2502 1371 2583 jus
1395 2502 1507 2580 dabat,
1545 2512 1578 2568 e't
1601 2507 1647 2569 sic
1672 2505 1765 2567 ‹lein-

214 2609 320 2673 numis
343 2605 493 2670 Sardium
518 2605 640 2687 Lydiae
664 2629 682 2666 e
703 2603 879 2670 Vsillentio
908 2601 962 2663 de*
1019 2619 1108 2683 ceps.
1151 2601 1243 2682 Ergo
1263 2620 1417 2666 numerus
1438 2607 1587 2690 inscripti
1607 2627 1764 2670 neocora-

217 2709 347 2796 scriptis
367 2707 508 2794 primum
535 2703 594 2769 snb
612 2707 798 2782 Caracalla,
822 2709 961 2792 quorum
1018 2710 1070 2764 tos
1092 2702 1210 2764 eratis
1231 2703 1534 2786 ipseneoccratus,
1557 2730 1654 2793 quem
1677 2711 1765 2774 nele-

215 2813 272 2878 slii
294 2812 435 2876 habent:
475 2807 566 2871 ent.
610 2799 815 2874 potitor.
855 2805 964 2871 APrt.
1018 2801 1155 2866 brabant
1178 2818 1265 2883 tum,
1297 2825 1370 2869 curn
1394 2829 1510 2872 nnmus
1532 2811 1675 2895 signatus
1703 2825 1763 2876 est.

218 2903 513 2978 cAPntANttN.
529 2907 566 2970 B.
582 2905 877 2984 ΝΕΩΚΟΡΩΝ.,
890 2907 961 2969 elii:
1020 2905 1128 2989 Atque
1164 2903 1224 2967 bac
1261 2904 1408 2972 doctrina
1440 2914 1619 2976 constitute
1650 2929 1763 2998 suapte
1896 2937 1903 2950 ·

217 3011 312 3082 Gssl.
344 3013 424 3078 AN.
456 2999 658 3097 Pomttot.
689 3006 792 3071 Arx.
821 3010 866 3071 A.
890 2999 960 3074 ΤΟ.Ι
1018 3003 1123 3089 liquet
1144 3027 1210 3070 non
1234 3007 1353 3086 modo,
1383 3031 1442 3074 our
1464 3033 1481 3074 ι
1501 3022 1680 3077 neocoratu
1701 3029 1765 3079 ter·

216 3113 256 3182 Β.
286 3117 336 3198 (in
358 3115 446 3178 aliis:
480 3111 550 3173 TO.
582 3107 639 3194 Γ)
670 3093 961 3172 ΟΑΡΔΙΑΝΩΝ.
1019 3107 1065 3169 ιίο
1087 3106 1128 3169 ad
1150 3110 1386 3172 secundumsit
1407 3127 1644 3191 retrocessum,
1667 3131 1763 3201 atque

217 3219 258 3284 Γ.
288 3201 599 3290 ΝΒΩΚΟΡΩΝ.,
636 3211 756 3275 deinde
790 3211 850 3274 sub
881 3209 963 3273 Gor·
1017 3208 1201 3271 iterumad
1223 3211 1356 3274 tertium
1382 3212 1542 3291 reditum,
1582 3215 1642 3278 sed
1666 3217 1763 3280 etism

216 3321 335 3398 diano,
368 3319 402 3380 in
429 3336 568 3402 qnorum
595 3315 666 3378 aliis
693 3313 837 3400 legitur:
869 3307 963 3378 Gssl.
1021 3309 1251 3373 curinnnmis
1270 3311 1419 3374 Sardium
1438 3315 1532 3379 unius
1549 3317 1761 3404 ejusdemque

216 3407 505 3486 Potuerunt.
567 3399 862 3480 ΟΑΡΔΙΑΝΩΝ.
923 3409 962 3480 Β.
1021 3413 1096 3476 nuni
1118 3425 1153 3477 et
1174 3409 1336 3478 secmdus
1366 3427 1400 3480 ct
1423 3417 1539 3481 tertius
1567 3431 1762 3486 conconatur

217 3507 502 3590 nennornu.
539 3519 575 3581 tn
605 3520 701 3582 snt„
740 3499 832 3582 clu.
859 3501 976 3618 ror..
1020 3526 1186 3580 serenan.

217 3619 413 3688 «tentor.
452 3617 555 3685 an.
594 3619 664 3686 To,
703 3617 741 3688 Β.
779 3615 964 3682 cerutu-

216 3723 341 3794 ΝΩΝ.
368 3721 408 3788 Γ.
440 3717 727 3788 ΝΕΩΚΟΡΩΝ.
771 3721 853 3784 Cum
880 3727 962 3788 verb
1225 3739 1258 3802 Ε
1281 3741 1555 3822 pipp-122¹,

216 3919 319 3994 icisse
358 3951 504 4007 annuos,
534 3943 567 3993 et
596 3923 663 3991 iam
698 3925 732 3988 in
763 3925 959 4003 caracallae,
1045 3926 1049 3935 ’
1146 3876 1386 3926 &mmmmm
1408 3867 1636 3946 adductorum.

216 4054 312 4118 quam
333 4029 492 4095 Gordiani
518 4030 624 4094 numia
645 4029 734 4095 idem
757 4028 960 4113 magistratui
1083 4013 1175 4114 drgo
1190 4029 1464 4114 antiquariorum,
1484 4051 1567 4118 quoa
1584 4033 1761 4112 citavimus,

216 4136 369 4220 jungatur
404 4134 468 4217 jem
509 4153 582 4197 cum
620 4131 660 4199 Β.
694 4133 762 4216 iam
803 4133 877 4195 cuni
918 4125 959 4196 Γ.
1018 4131 1168 4195 nonnulli
1201 4131 1452 4210 existimavere,
1483 4133 1597 4219 plures
1625 4159 1762 4200 numero

217 4229 523 4314 NGQKOPQN.,
555 4235 723 4322 sequitur,
753 4235 838 4298 intra
861 4237 961 4296 unum
1019 4241 1214 4298 neocoratas
1243 4233 1378 4298 urbibus
1402 4235 1462 4297 aab
1483 4258 1549 4299 nuo
1578 4237 1762 4322 eodemque

215 4339 423 4426 eundemque
440 4362 558 4404 sunum
577 4352 772 4403 neocoratns
790 4356 960 4400 nnmerum
1021 4337 1170 4422 principe
1203 4335 1403 4414 accessisse,
1434 4357 1515 4422 quoa
1549 4341 1636 4403 iuter
1668 4341 1764 4406 fuere

217 4445 367 4510 ratiame.
555 4517 558 4526 ¹
837 4425 841 4434 ⁵
1021 4433 1203 4516 seldenus,
1225 4454 1258 4503 at
1280 4434 1486 4514 Bardaicus,
1508 4441 1624 4525 quibua
1647 4443 1707 4508 bac
1730 4446 1763 4506 in

278 4545 459 4631 Vtramque
490 4541 715 4608 difficultatem
743 4555 779 4607 ut
807 4545 962 4619 resolvat,
1019 4547 1113 4630 p'erte
1146 4531 1356 4626 suffragatum
1385 4540 1482 4603 etiam
1512 4543 1609 4607 rideo
1633 4544 1766 4610 Gisber·

216 4663 290 4713 ante
315 4647 619 4714 omnia-obseruari
641 4645 753 4729 jubet,
775 4646 962 4729 nuspiama
1020 4627 1347 4728 tantoperest).
1392 4640 1449 4707 Sin
1481 4644 1590 4724 istud,
1627 4653 1764 4712 necesse

217 4857 222 4868 ’
253 4863 283 4930 a)
304 4858 417 4916 lettres
434 4857 471 4913 dc
490 4855 613 4932 critique
631 4869 697 4936 με.
713 4863 777 4920 tut.
