4338 5554
539 573 609 652 no
861 548 867 554 ’
1130 559 1488 634 anaaramo.

533 739 811 830 monumentis
831 737 1006 852 publicis
1032 738 1221 848 inseruit,
1246 752 1397 824 tumet
1415 735 1748 823 commemoratis
1767 733 1988 836 honoribus,
2005 741 2033 811 et

533 881 671 984 cultu,
703 906 785 991 quo
810 879 934 961 urbes
961 881 1143 960 Graecae
1168 878 1313 960 heroes
1350 857 1466 985 suos,
1498 878 1813 988 conditoresque
1836 897 1964 956 ornare
1983 897 2035 980 pu·

534 1018 661 1124 blice,
691 1028 733 1100 et
755 1016 993 1128 praedicare
1017 1029 1331 1101 consueverunt

687 1152 798 1235 Haec
822 1166 863 1237 et
885 1153 1054 1259 similia,
1085 1151 1196 1265 quod
1219 1152 1427 1266 reliquum
1451 1167 1514 1264 est
1537 1152 1660 1268 hujus
1686 1146 1920 1252 voluminis,
1945 1168 2033 1228 omne

534 1289 853 1400 complectetur,
878 1318 959 1402 quo
979 1289 1160 1402 perlecto
1179 1288 1297 1372 facile
1316 1291 1405 1404 quis
1425 1289 1645 1404 intelliget,
1669 1282 1969 1372 commentarios
1984 1277 2035 1362 hos

534 1454 616 1520 non
637 1423 761 1507 modo
783 1425 994 1508 continere
1014 1423 1290 1509 eruditionem
1310 1427 1397 1542 ejus
1416 1426 1595 1540 generis,
1618 1451 1727 1537 quae
1746 1449 1843 1506 cum
1860 1445 1903 1501 re
1918 1415 2036 1500 numis

534 1561 687 1647 matica
711 1560 900 1673 proxime
932 1561 1211 1669 connectitur,
1262 1563 1335 1648 sed
1370 1577 1412 1649 et
1442 1563 1576 1649 varias
1611 1560 1775 1645 amoliri
1813 1553 2036 1654 distictione,

534 1727 642 1813 quae
661 1725 924 1812 progressum
940 1699 986 1784 in
1002 1697 1442 1814 praestantissima'hac
1463 1714 1552 1785 arte
1570 1700 1695 1812 vulgo
1717 1697 1851 1783 solent
1870 1687 2035 1804 impedire.

533 1835 699 1920 Eodem
718 1838 821 1921 olim
845 1837 1015 1922 consilio
1032 1835 1466 1952 .Vaillantius.quoque
1488 1836 1604 1950 operi
1628 1865 1726 1944 suo,
1758 1863 1848 1948 ¹quo
1866 1831 2040 1942 inperato-

534 1974 625 2058 rios.
636 1977 891 2060 Graecorum
911 2005 1059 2060 numos
1078 1978 1273 2061 inunum
1289 1976 1485 2083 contulit,
1504 1974 1660 2091 adjecit
1675 1973 1856 2086 prolixos
1874 1989 2039 2050 commen-

534 2111 681 2216 tarios,
708 2112 753 2204 in
774 2112 924 2224 quibus
943 2141 1126 2224 sparsam
1147 2113 1442 2226 disjectamque
1465 2139 1539 2224 per
1565 2125 1701 2196 totum
1720 2139 1835 2224 opus
1857 2103 1979 2191 variae
1997 2097 2038 2180 ia

530 2247 639 2330 dolis
660 2248 874 2331 materiem
891 2251 1120 2358 revocavit,
1140 2265 1182 2337 et
1201 2251 1395 2336 incertas
1419 2249 1566 2332 classes
1592 2245 1823 2356 distribuit,
1847 2231 2040 2354 explicavit·

530 2409 627 2495 que
654 2381 813 2467 Verum
826 2386 1012 2470 mtdtais
1035 2387 1238 2501 neglexit,
1263 2388 1359 2500 quia
1379 2385 1432 2472 ad
1449 2385 1687 2470 institutum
1707 2415 1834 2470 suum
1857 2407 1936 2464 non
1951 2367 2042 2486 perli-

532 2545 688 2627 nuere,
722 2522 853 2605 multo
876 2522 920 2605 in
939 2523 990 2606 iis
1012 2524 1133 2636 plura
1160 2523 1419 2638 corrigenda,
1438 2551 1561 2636 ·quae
1584 2522 1770 2631 auctior,
1797 2511 2043 2635 ¹sinceriorque

533 2669 676 2740 nostra
699 2656 779 2740 hac
804 2671 939 2746 aetate
961 2687 1190 2746 numorum
1206 2674 1401 2747 ‚veterum
1426 2659 1613 2773 supellex
1632 2660 1750 2745 aliter
1770 2685 1867 2745 esse
1879 2639 2043 2762 capienda

535 2795 675 2906 palam
690 2795 880 2907 imperat

485 2922 491 2932 ’
693 2939 812 3044 Quae
827 2933 910 3018 sint
925 2937 1064 3020 variae
1081 2949 1240 3050 partes,
1261 2934 1412 3050 quibus
1431 2933 1735 3022 universuslric
1754 2940 1947 3018 tractatus
1963 2941 2045 3002 conr

533 3069 941 3180 pommr‚'indicatas
958 3075 1136 3187 reperies
1161 3074 1207 3162 in
1225 3087 1468 3186 conspectu,
1494 3101 1619 3188 quem
1640 3070 1843 3187 principio
1865 3063 2046 3178 hujusve

527 3205 702 3294 luminis
727 3207 788 3294 lV.
810 3211 1086 3322 praefiximus.
