4338 5554
390 479 406 624 J
516 543 587 624 ιφ
1155 519 1419 604 carran

518 709 592 772 tus,
613 716 707 760 socer
730 706 890 771 senones,
911 691 1072 776 frequens-
1089 689 1123 752 in
1143 689 1260 765 numia,
1318 689 1472 774 pictoris,
1493 690 1549 750 sin.
1565 711 1683 754 reuera
1700 690 1877 773 praestitit.
1899 687 1991 774 quoti
2016 690 2074 756 ad·

516 799 694 883 praecipue
711 795 898 880 prouinciae
913 793 1020 858 Asiae.
1063 792 1169 856 Etiam
1185 811 1262 853 con·
1319 789 1458 867 seritur,
1480 791 1530 852 sin
1554 791 1681 866 minus,
1710 789 1798 874 quod
1824 791 1928 874 magis
1952 791 2075 856 verisi-

517 899 653 984 junctim
688 891 858 958 BOTAH.
882 891 1056 958 AHMOC.
1092 895 1127 956 in
1162 909 1262 952 namo
1319 893 1420 967 mile,
1452 890 1623 954 credulum
1652 891 1804 954 Plinium.
1855 891 1976 954 Refert
2001 893 2073 954 De·

518 1000 688 1084 Nicopolis
707 997 873 1072 Moesiae,
894 989 1062 1056 BOTAH.
1087 989 1263 1054 AHMOC.
1319 993 1509 1056 mosthenes
1530 989 1581 1074 b)‚
1605 991 1792 1056 decrevisse
1812 993 2010 1075 Byzantios,
2035 1007 2073 1056 ut

519 1099 748 1162 oMoNOtn.
771 1099 803 1158 in
822 1117 920 1159 numo
936 1093 1165 1168 Nicomediae,
1188 1092 1262 1156 velt
1320 1097 1530 1179 erigeremur
1553 1092 1586 1154 in
1608 1095 1759 1177 Bosporo
1781 1107 1927 1170 statuae,
1950 1095 2073 1158 sexde-

518 1196 666 1273 ΒΟΤΛη
687 1195 715 1258 Γ
720 1195 922 1274 etonem.
935 1195 968 1258 in
994 1214 1094 1258 numo
1113 1192 1265 1255 Tiberio·
1317 1197 1383 1268 ‚eim
1402 1197 1550 1278 singulae
1572 1193 1774 1270 cubitorum,
1795 1211 1991 1279 argumento
2010 1217 2072 1280 po-

394 1351 411 1374 .
519 1301 606 1386 polis
634 1299 807 1381 Pbrygiae.
850 1298 1002 1380 Pingitur
1023 1297 1076 1360 bic
1098 1297 1263 1360 civitatum
1319 1297 1391 1382 puli
1412 1295 1620 1360 Atheniensis
1644 1297 1791 1360 coronati
1816 1319 1833 1359 a
1856 1299 1983 1381 populo
2005 1301 2070 1380 By·

521 1415 652 1466 senatns
674 1400 778 1481 capite
800 1398 955 1462 muliebri
976 1398 1106 1472 velato,
1129 1397 1163 1457 in
1184 1415 1266 1458 non·
1320 1400 1503 1462 nuntiorum
1520 1397 1827 1474 etPerintbiorum‚
1849 1414 1882 1462 ut
1903 1413 1990 1462 teste
2005 1403 2070 1464 Po·

518 1485 619 1566 nullis
646 1499 755 1567 velato
781 1514 816 1564 et
841 1500 1007 1577 laureato,
1036 1498 1134 1562 otiam
1158 1495 1263 1579 capite
1319 1497 1546 1588 lybiollicre‚
1569 1509 1603 1559 et
1617 1495 1702 1560 Gelo
1720 1499 1811 1561 binas
1826 1499 2068 1562 statuasbibodi

520 1603 584 1671 riri
599 1603 726 1686 juvenis
740 1602 845 1677 ando,
864 1614 919 1665 ant
933 1603 1100 1682 laureat03
1115 1601 1149 1661 in
1165 1618 1264 1662 numo
1319 1612 1519 1686 posuerunt,
1540 1617 1660 1682 nempe
1684 1601 1840 1684 populum
1858 1601 2066 1668 Rhodiorum

520 1705 628 1770 dictae
646 1703 868 1787 Tiberiopolis
886 1716 966 1787 typo
987 1701 1134 1766 mulieris
1152 1697 1264 1763 reontio
1321 1700 1479 1786 apopelo
1496 1699 1697 1780 Syracusano
1715 1717 1905 1766 coronatum
1921 1709 1967 1786 e).

520 1807 554 1874 at.
572 1807 753 1872 caduceum
768 1803 920 1870 tenentis.
958 1805 1113 1867 Ceterum
1131 1801 1263 1864 nominc
1382 1797 1623 1865 ΓΕΡΟΤΟΙΑ.
1660 1801 1697 1864 si
1711 1793 1903 1868 vocabulum
1923 1819 2064 1890 spectes,

518 1905 708 1972 1301*an
730 1905 838 1969 notari
857 1918 1003 1969 nennium
1020 1904 1147 1968 urbium
1163 1902 1265 1964 Grae·
1319 1901 1501 1987 respondet
1520 1902 1713 1966 Latinorum
1739 1908 1876 1985 senatui
1883 1929 1895 1980 ,·
1925 1929 2002 1974 uam
2029 1922 2066 1972 ut

520 2030 653 2087 carum,
685 2024 722 2072 ut
743 2009 874 2070 nomine
900 2001 1188 2068 GTNKAHTOT
1215 2021 1264 2066 se·
1320 2006 1385 2068 boc
1403 2026 1429 2068 m
1442 2006 1577 2086 senibus
1597 2002 1735 2083 dicitur,
1756 2005 1803 2069 sic
1823 2006 1905 2070 illud
1928 2007 1986 2072 cine
2008 2031 2064 2074 ree

519 2126 629 2175 natum
656 2113 861 2180 Romanum,
893 2105 1104 2190 probabimus
1123 2103 1209 2167 inira
1230 2103 1266 2164 in
1321 2127 1478 2193 praeseus.
1522 2105 1567 2166 Et
1587 2124 1705 2172 resena
1726 2106 1827 2170 lause
1844 2109 1879 2170 in
1899 2113 2065 2174 nonnullis

522 2211 702 2278 Ordinibus
720 2213 954 2274 Romanorum.
1322 2207 1505 2273 civitatibus
1535 2206 1669 2270 Graecis
1702 2207 1851 2272 ordinem
1886 2211 2065 2286 seniorunt,

583 2305 935 2376 AHMOC.·IGPOC.
955 2303 1130 2371 AHMoc,
1160 2309 1275 2388 Popu·-
1322 2311 1376 2374 cui
1392 2308 1561 2393 oppositus
1581 2307 1643 2371 tuit
1665 2308 1747 2372 ordo
1767 2309 1952 2392 juniorum,
1973 2315 2066 2378 disci·

519 2413 592 2490 tus,
614 2433 710 2477 socer
729 2413 894 2493 papatus,
911 2407 966 2476 sel
986 2405 1159 2474 AHMOC.
1185 2405 1275 2468 AT·
1322 2433 1394 2474 mus
1410 2431 1453 2474 ex
1468 2410 1564 2473 citato
1581 2429 1677 2492 supra
1693 2431 1855 2477 marmore
1871 2417 2012 2501 Copori,
2034 2419 2066 2478 in

522 2508 768 2578 TOTAGQN.
786 2511 935 2593 Populus
952 2509 1215 2583 Academiam,
1232 2518 1267 2568 et
1323 2533 1388 2600 quo
1409 2523 1632 2576 memorantur
1647 2509 1955 2586 H,1*EPOT21A‚
1970 2519 2063 2580 ΚΑΙ,

520 2613 682 2679 similiter.
726 2613 831 2696 Saepe
859 2611 1023 2686 occurrit,
1051 2629 1088 2672 ae
1112 2608 1267 2692 frequen·
1322 2613 1380 2678 ot.
1403 2611 1549 2689 Neon,
1582 2615 1660 2675 orde
1690 2637 1804 2677 senum
1833 2631 1867 2680 et
1881 2619 2066 2698 juniorum.

519 2717 584 2780 tius
609 2716 643 2777 in
665 2715 770 2776 numis
791 2711 978 2797 provinciae
1000 2711 1108 2774 Asiae.
1153 2713 1264 2792 Typus
1323 2718 1360 2777 ln
1383 2715 1447 2778 alio
1472 2713 1617 2797 ejusdcm
1642 2714 1834 2798 Cuperid),
1863 2719 1951 2802 quod
1979 2722 2067 2784 stetit

521 2831 573 2882 est
597 2829 695 2900 eaput
717 2813 861 2897 juvenile
883 2813 1030 2890 nudum,
1067 2812 1122 2876 v-el
1142 2810 1267 2874 laurea·
1322 2817 1509 2898 Magnesiae
1527 2816 1655 2894 ioniae:
1675 2809 2068 2887 ΦΙΛΟΣΕΒΑΣΤΟΣ.

521 2931 610 2994 tum,
633 2918 692 2982 seb
706 2915 931 2980 diadematum.
975 2919 1011 2976 lu
1033 2910 1267 2977 nnmoIraodb
1321 2911 1566 2980 ΓΕΡΟΤΣΙΑ.
1589 2916 1679 2980 ΚΑΙ.
1701 2919 1759 2980 Ol.
1782 2917 1905 2984 Nttot.
1927 2945 1956 2988 s.
1978 2947 2009 2984 τ.
2032 2929 2065 2992 λ.

520 3039 600 3084 cese
623 3018 786 3102 Pbrygiae
809 3029 860 3082 est
884 3031 980 3101 caput
1004 3017 1171 3080 barbatum
1199 3015 1268 3076 lun·
1322 3018 1429 3099 Atque
1453 3030 1488 3078 ut
1507 3013 1762 3095 ΓΕΡΟΤΣΙΑ,
1784 3033 1942 3100 senetur,
1965 3025 2013 3088 sic
2036 3039 2069 3089 et

521 3137 658 3187 reatum.
689 3120 849 3184 lnnumis
863 3119 986 3182 Letinis
1002 3119 1171 3183 Corinthi:
1193 3115 1267 3180 ΡΟ·
1322 3111 1603 3196 ΓΕΡΟΝΤΕΣ,
1635 3139 1750 3196 senes,
1786 3119 1821 3180 in
1852 3127 2069 3190 marmoribus

521 3220 1072 3298 PVLusCOLonioeCORt'ntlsi,
1103 3222 1154 3286 vir
1175 3233 1266 3304 toga·
1321 3219 1516 3305 produntur.
1568 3219 1707 3304 Legitur
1741 3221 1776 3282 in
1806 3220 1991 3292 Oxoniensi
2016 3233 2068 3310 ο),

521 3339 574 3390 tus
601 3326 719 3390 sedens
747 3324 882 3388 dexteru
908 3323 1041 3388 sublata.
1084 3323 1182 3390 Varia
1210 3340 1266 3404 po·
1321 3321 1406 3388 ΤΩ.
1441 3315 1766 3388 ΣΕΜΝΟΤΑΤΩ.
1802 3319 2067 3398 ΣΤΝΕΔΡΙΩ.

522 3429 674 3513 pulcrum
702 3427 874 3492 simulacra
902 3424 1088 3508 allegorica.
1109 3425 1266 3488 habemns
1321 3459 1335 3475 ·
1352 3458 1367 3472 -
1383 3457 1397 3472 ·
1419 3415 1537 3484 ΤΩΝ.
1561 3420 1636 3486 ΕΝ.
1659 3417 1879 3494 ZMTPNH.
1900 3423 2071 3496 PEPON.

524 3529 610 3612 apud
630 3528 771 3590 Plinium
788 3541 822 3590 st
840 3527 1040 3590 Pausaniam.
1084 3527 1184 3590 Teste
1201 3523 1266 3586 Pli-
1325 3520 1445 3588 ΤΩΝ.
1475 3543 1599 3586 summe
1629 3529 1811 3590 venerando
1838 3531 1992 3612 conlegio
2023 3555 2072 3596 se·

523 3633 579 3694 uio
595 3631 623 3710 ⁸)
647 3633 763 3712 pinxit
786 3629 987 3690 Parrhasius
1014 3627 1130 3688 demon
1151 3629 1269 3710 (popm
1324 3629 1458 3690 ntorum
1477 3625 1654 3706 Smyrnae,
1677 3647 1740 3710 qna
1762 3626 1795 3688 in
1814 3631 1963 3695 eratione
1982 3653 2070 3698 cum·

523 3733 614 3812 lum)
630 3729 909 3802 Atheniensium,
927 3741 1122 3809 argumento
1140 3746 1266 3809 quoque
1322 3725 1442 3812 primis·
1459 3723 1698 3788 observandum
1735 3729 1929 3795 vocabulum
1966 3751 2072 3818 erusc-

524 3833 707 3916 ingenioso.
731 3828 871 3891 Volebat
886 3847 1024 3909 numque
1038 3831 1268 3907 curium,iro·
1322 3849 1437 3904 curer,
1468 3826 1556 3911 quoti
1579 3827 1711 3890 senibus
1737 3831 1872 3914 proprie
1900 3839 2069 3919 competit,

524 3935 692 4009 eumne,
707 3930 888 4010 injustum,
908 3933 1171 4009 inconstantem,
1190 3949 1268 3992 eun·
1323 3919 1625 4010 testimoniium,
1648 3919 1736 4018 quod
1755 3933 1942 4017 conlegium
1963 3951 1997 4002 et
2019 3961 2071 4004 or·

522 4039 594 4100 dem
611 4033 840 4108 exorabilem,
856 4033 1268 4112 clementemmisericor·
1325 4032 1434 4094 dinem
1456 4043 1553 4094 notat.
1598 4031 1652 4094 Sic
1679 4047 1712 4097 et
1733 4047 1816 4098 teste
1835 4037 2013 4104 Plutarcho
2037 4039 2069 4122 l)

523 4141 620 4214 dem,
647 4136 837 4211 excelsum,
863 4133 1047 4216 gloriosum
1060 4179 1075 4210 ,
1098 4133 1268 4210 humilem,
1325 4129 1452 4200 additos
1473 4132 1607 4216 regibus
1624 4136 1788 4218 Spartanis
1807 4138 1980 4222 optimates
1998 4163 2069 4208 cau·

512 4241 687 4323 ferocem,
700 4237 943 4319 fugacemque,
963 4247 995 4298 et
1010 4239 1124 4300 omniu
1139 4237 1268 4318 pariter
1326 4259 1360 4301 sa
1375 4236 1458 4299 senii
1471 4236 1592 4319 Apollo
1606 4237 1785 4321 Delphicus
1800 4242 1929 4306 vocarit
1944 4249 2069 4324 egaele-

525 4343 704 4408 ostendere.
749 4333 826 4431 an
860 4335 990 4422 quidem
1019 4335 1052 4398 in
1082 4335 1268 4403 narratione
1325 4361 1450 4424 spretae,
1478 4339 1649 4422 Lycurgus
1675 4357 1840 4424 presuras,
1870 4363 1964 4428 quam
2001 4347 2069 4430 qui·

525 4441 656 4520 nescio,
672 4453 782 4506 utrum
800 4439 902 4524 magis
918 4437 1037 4518 mirer,
1052 4437 1268 4504 attiliciumne
1325 4439 1401 4506 dem
1425 4439 1597 4505 Pausanias
1618 4453 1714 4509 vocat
1737 4435 1891 4524 esuriem
1912 4439 2071 4512 nasetu-

559 4661 780 4741 pnttxttv.
800 4619 929 4738 capeto·
1001 4659 1036 4738 b)
1056 4661 1268 4744 decoronsp.
1288 4675 1350 4730 tat.
1433 4667 1464 4738 e)
1484 4661 1658 4732 libuini.
1686 4687 1712 4726 e.
1733 4677 1777 4734 80.
1862 4667 2009 4744 d)1.ettr.
2032 4671 2068 4730 de

526 4755 589 4820 crit.
607 4773 639 4834 p.
653 4763 716 4821 tet·
788 4753 819 4828 e)
837 4769 916 4810 uum.
934 4753 997 4820 tot·
1070 4751 1103 4830 l)
1123 4773 1160 4816 aa
1176 4755 1239 4816 seui
1255 4773 1317 4836 per.
1334 4773 1412 4836 resp.
1430 4773 1461 4836 p.
1476 4765 1539 4832 289.
