4430 5564
571 577 646 648 DE
681 575 867 652 Nvmts
904 574 1313 654 COLONIARVM.
1648 599 1722 686 1⁸89

172 745 300 812 auunisi
318 747 468 812 coloniae
485 749 526 812 tt.
549 746 611 810 sibi
629 745 782 831 proprios
801 746 921 812 hebue·
977 747 1064 809 inter
1087 745 1200 832 paucis
1222 767 1260 811 ac
1284 747 1389 812 nitide
1412 749 1452 814 ab
1474 751 1657 820 Heineccio
1680 758 1725 838 tl:
1817 748 1821 757 ’

172 869 228 927 re,
255 848 333 934 quin
355 868 413 914 eoa
435 849 497 914 sibi
518 847 618 914 urbes
639 849 765 914 liberas
785 848 921 934 adrogo·
978 849 1117 940 Quoties
1141 861 1196 912 aut
1218 848 1296 912 urbs
1319 872 1403 914 nura
1426 856 1642 934 exstruenda,
1671 872 1726 920 sut

174 963 262 1018 rent.
283 951 409 1017 Euocat
978 951 1106 1016 colonia
1134 949 1304 1014 condenda
1334 967 1421 1032 erat,
1452 957 1549 1022 toties
1574 959 1726 1024 conditur

486 1027 494 1064 ‘
977 1052 1032 1116 uel
1064 1053 1162 1116 lllrir
1191 1053 1342 1116 coloniae
1371 1055 1583 1123 deducendae
1615 1061 1726 1126 cinctu

976 1151 1105 1216 Gabino
1133 1151 1264 1218 ciratus
1294 1170 1402 1220 aratro
1430 1159 1559 1242 aptabat
1586 1151 1725 1225 sedeam

977 1273 1167 1332 tumerem,
1203 1254 1386 1342 junctisque
1422 1257 1527 1324 bubus
1564 1281 1657 1326 mare
1692 1277 1727 1327 et

976 1355 1103 1420 leonine
1125 1357 1196 1440 ipss
1226 1359 1348 1424 circum
1378 1360 1571 1425 lineamenta
1592 1364 1728 1448 prolun-

978 1457 1053 1520 duua
1076 1457 1217 1524 ducebat
1238 1461 1375 1526 sulcum.
1414 1462 1643 1548 Sequebantur
1671 1485 1727 1532 cu·
1809 1505 1813 1512 ·

978 1559 1067 1635 leui,
1107 1573 1141 1626 et
1179 1561 1303 1624 excisas
1340 1577 1448 1627 aratro
1488 1565 1600 1650 glebas
1637 1567 1726 1632 iotru

235 1661 353 1726 Aeliae
372 1661 587 1746 Capitolinae.
978 1659 1161 1726 vertebant.
1198 1661 1263 1728 Vbi
1293 1677 1419 1746 purtem
1448 1683 1521 1728 ease
1554 1667 1724 1744 volebant,

130 1755 137 1766 ’
236 1763 431 1827 Antiochiae
449 1763 602 1826 Pisidiae.
979 1783 1115 1828 vomere
1146 1779 1300 1868 exempto
1330 1780 1426 1852 atque
1459 1781 1567 1830 aratro
1597 1767 1725 1832 sublato

237 1869 404 1948 Apameae
423 1863 612 1944 bithyniae·
979 1863 1207 1949 relinquebant
1226 1866 1373 1950 epatium.
1403 1855 1512 1930 Ductc
1535 1868 1628 1934 sulcu
1650 1891 1725 1936 cum

238 1966 354 2048 lleryti
372 1965 568 2058 Phoenices.
979 1967 1082 2031 bores
1111 1967 1176 2044 itti,
1204 1981 1271 2030 tum
1297 1969 1379 2034 aliae
1407 1970 1556 2034 victimae
1580 1971 1727 2036 immolo·

238 2067 379 2131 Bustrae
395 2067 545 2131 Arabiae.
979 2069 1097 2134 buntur
1114 2065 1176 2132 diis
1193 2068 1425 2146 medimnis,
1450 2084 1483 2134 et
1504 2083 1572 2134 tum
1593 2071 1744 2136 demum·

237 2171 512 2251 Caesaraugustae
534 2167 815 2234 Tarraconensis..
980 2171 1197 2236 exstruendis⁴
1209 2171 1311 2234 muris
1327 2172 1583 2236 admovebantur
1602 2193 1725 2236 manus.

237 2272 416 2337 Caesareae
438 2267 659 2334 Samaritidos.
980 2273 1228 2336 Adhibebamur
1270 2283 1304 2333 et
1344 2273 1405 2336 alia
1448 2272 1605 2358 quaedam
1645 2273 1727 2336 boni

237 2372 388 2435 Corinthi
406 2371 558 2436 Achaiae.
979 2375 1099 2438 ominis
1135 2395 1247 2450 cauas,
1287 2385 1322 2436 nt
1355 2374 1474 2436 Festos
1509 2375 1607 2440 docet
1642 2395 1728 2440 voce

237 2473 398 2538 Dertonae
419 2473 687 2538 Tarraconensis.
982 2475 1179 2560 Quadrato,
1215 2495 1297 2560 qnae
1319 2467 1429 2538 'tamen
1456 2478 1562 2560 qualia
1587 2477 1726 2552 luerint.

236 2577 403 2642 Emeritae
422 2574 617 2638 Lusitaniae.
978 2577 1079 2640 hodie
1117 2577 1315 2662 ignoramus.
1367 2579 1433 2641 lam
1475 2599 1555 2644 tero
1594 2599 1636 2642 ex
1673 2577 1725 2644 bis

237 2678 422 2762 Heliopolis
439 2675 661 2758 coelesyriae.
977 2678 1074 2744 facile
1094 2677 1279 2742 reddideris
1295 2677 1473 2755 rationem,
1499 2700 1560 2742 cur
1578 2679 1725 2756 moenis,

238 2781 392 2863 Neapolis
404 2775 589 2872 'Samarium
977 2801 1044 2844 non
1062 2794 1169 2842 sutem
1189 2794 1319 2862 portae,
1341 2795 1449 2844 sancta
1468 2781 1534 2845 risa
1553 2781 1626 2845 sint.
1656 2783 1726 2846 Eae

236 2881 325 2944 Parii
343 2880 478 2961 Mysiae.
979 2883 1066 2946 enim
1092 2880 1256 2963 auspicato
1279 2901 1345 2944 uon
1370 2882 1580 2962 signabantur
1606 2896 1725 2958 aratro,
1772 2931 1778 2940 .

239 2983 406 3046 Patrurum
428 2979 582 3044 Achaiae.
979 2983 1054 3068 quis
1078 3003 1139 3067 per
1166 2981 1239 3042 illus
1262 2982 1419 3044 cadavere
1444 2983 1571 3068 aliaque
1598 2983 1724 3066 impure

234 3081 445 3146 Ptolemaidis
465 3083 641 3145 Galilaeae.
979 3081 1150 3148 erehenda
1178 3094 1282 3145 erant.
1323 3084 1501 3166 Hucusque
1526 3085 1724 3150 Heineeciue

237 3185 430 3250 Rhessenae
449 3181 712 3266 Mesopotamiae.
979 3185 1086 3248 citatis
1112 3182 1268 3246 orationis
1298 3205 1375 3247 suae
1405 3183 1555 3262 vadibus,
1586 3197 1621 3247 et
1649 3206 1728 3250 con·
1859 3223 1864 3232 ·

239 3288 363 3353 Romae
397 3286 501 3364 Latii,
543 3305 586 3350 ex
622 3283 729 3348 nuntie
766 3281 921 3348 nonanta
978 3286 1031 3350 ier
1058 3285 1248 3354 Floreeium
1272 3283 1315 3366 l³).
1361 3284 1457 3346 addo
1494 3286 1601 3352 locum
1632 3287 1727 3350 Catu·

175 3389 358 3456 Commodi.
977 3389 1029 3452 nis
1048 3387 1083 3449 in
1105 3385 1298 3469 Originibus
1327 3387 1458 3450 citatum
1488 3412 1507 3452 a
1536 3388 1654 3452 Servio
1676 3391 1723 3468 θ),

237 3489 368 3554 Sidonis
386 3487 579 3554 Phoenices.
977 3511 1043 3576 quo
1066 3509 1241 3552 numerum
1265 3489 1419 3552 similium
1443 3502 1539 3573 typus
1560 3491 1600 3552 ad
1621 3511 1726 3553 amna·

238 3595 378 3677 Sinopes
396 3589 648 3676 Paphlagoniae.
977 3593 1037 3658 situ
1056 3591 1266 3676 exprimitur:
1292 3593 1489 3656 conditores
1504 3595 1591 3655 enim
1607 3595 1726 3656 cinito·

236 3699 422 3778 Tyenurnm
442 3693 676 3778 Cappadociae.
977 3698 1023 3760 tis
1041 3707 1176 3758 taurum
1191 3699 1226 3756 in
1244 3696 1433 3769 dexteram,
1455 3713 1589 3757 uaccam
1606 3695 1727 3756 intriu-

236 3799 316 3880 'l'yri
331 3797 527 3860 Phoenices.
976 3817 1073 3860 secus
1086 3797 1285 3878 jungebant,
1300 3806 1348 3858 et
1370 3797 1512 3858 incincti
1531 3797 1601 3858 ritu
1624 3793 1726 3858 Gadi·
1834 3819 1837 3828 ’

430 3945 450 3983 ,
533 3898 554 3936 ⁴
639 3943 658 3982 g
977 3919 1038 3973 tte,
1068 3901 1199 3962 idest:
1238 3911 1337 3979 togae
1357 3909 1456 3978 purte
1477 3909 1579 3977 caput
1604 3897 1742 3972 veluti,-

235 3999 333 4064 Huuc
349 4013 460 4085 typum
476 4001 540 4064 soli
555 3999 700 4064 offerunt
717 3998 918 4064 coloniorum
971 4013 1069 4082 purte
1086 4002 1266 4074 succincti,
1296 4001 1451 4062 tenebunt
1472 3999 1594 4061 stiuam
1617 4001 1726 4061 incur·

172 4105 281 4181 numi,
312 4101 387 4188 quis
413 4123 507 4166 sacer
533 4103 616 4165 ritus
642 4103 701 4166 illo
731 4102 920 4186 propositus
976 4123 1051 4166 vam
1069 4099 1476 4186 eto.‘qucloooetritnm
1491 4098 1725 4162 Gabinumex·
1786 4100 1790 4118 ¹

172 4207 301 4272 nonnisi
324 4207 359 4266 in
382 4203 562 4268 condendis
585 4207 806 4270 Romanorum
832 4205 922 4268 colu·
975 4206 1129 4289 plicatum
1157 4203 1276 4279 babes,
1306 4203 1348 4265 de
1378 4222 1444 4288 quo
1472 4200 1567 4281 plura
1595 4201 1724 4266 erudite

171 4288 235 4372 niis
274 4307 465 4371 observatus
497 4305 575 4374 tuti.
625 4309 709 4372 Eum
749 4310 866 4392 passim
902 4331 921 4372 u
976 4307 1113 4392 collegit
1143 4305 1292 4369 Norisins
1316 4303 1359 4382 d).
1403 4301 1530 4366 Eodem
1564 4305 1725 4386 pertinet,

172 4410 350 4494 philologia
374 4407 577 4492 descriptum
602 4410 768 4493 reperias,
800 4425 832 4474 et
860 4411 921 4472 bus
977 4409 1066 4494 quud
1085 4407 1192 4472 refert
1213 4407 1350 4489 Dio-⁶),
1377 4403 1575 4480 Commodo,
1602 4406 1771 4488 qnippe,

176 1192 199 1253 1.
226 1193 287 1254 Vir
306 1202 442 1274 togatus
461 1191 591 1254 velatus
606 1211 669 1270 par
688 1191 786 1258 doum
805 1201 919 1254 aratro

305 1295 457 1372 junctum
478 1297 613 1355 scutica·
630 1294 794 1378 impellit..

237 1495 364 1578 Typuos
386 1493 474 1560 baoc
495 1494 607 1580 reperi
629 1495 666 1558 io
685 1493 792 1558 mania

207 4717 238 4788 .)
260 4714 709 4790 intueanttnattp.
765 4675 1146 4796 omninemppar.
1202 4712 1539 4789 marmaritim.
1596 4711 1630 4784 a>
1652 4711 1744 4768 ce»...

170 4805 230 4863 Pia.
249 4804 320 4863 diss.
330 4805 383 4862 Ill.
402 4817 463 4868 ci.
482 4805 544 4866 init.
601 4810 632 4881 e)
652 4809 683 4866 l..
695 4807 810 4872 leill.
829 4812 854 4880 ἦ.
868 4820 907 4872 ¹5·

24 4889 27 5026 l
215 4915 402 4998 (roim)
1375 4914 1492 5006 ‘lut

27 5291 37 5543 i
