4446 5570
500 557 585 632 ‚448
945 545 962 606 .’
1129 535 1324 611 CAPVT
1357 537 1446 608 xxt.

517 708 929 784 Factnmistudntrerum
943 707 1258 789 demm‚ejuaentm
1317 706 1431 791 piades
1457 729 1529 771 suas
1554 727 1780 772 numeravere.
1830 709 1869 768 ln
1899 729 2076 770 marmore

519 813 690 895 scriptoris
708 813 885 879 auotoritas
901 809 1040 896 exigua,
1061 830 1127 872 nou
1152 823 1259 872 tamen
1319 810 1482 891 cyziceno
1497 809 1713 892 apadCsylue
1726 813 1756 892 c)
1772 792 1946 872 dieilurll.
1959 811 2077 872 Aure·
2194 891 2195 896 ἵ

509 914 648 982 Ιιίιίιιιιιι
670 915 869 991 verisimile,
897 915 971 978 aliis
995 911 1149 988 urbibus,
1177 929 1259 995 quae
1318 911 1380 974 lius
1419 913 1524 974 Corus
1560 911 1670 992 Cynici
1709 911 1826 975 risisse
1854 911 2073 976 Pancratium

517 995 671 1098 Olympia
695 1015 785 1079 domi
810 1034 934 1100 egere,
963 1013 1188 1098 neceesarium
1215 1013 1261 1076 ri-
1318 1005 1688 1076 ΠΕΝΤΑΕΤΗΡΙΔΙ.
1709 1011 1749 1076 Ζ.
1769 1020 2013 1093 quinquennio,
2032 1013 2072 1076 id

515 1139 585 1182 sum
602 1116 762 1182 Eleorum
783 1115 977 1196 arbitrium,
1003 1129 1060 1176 aus
1077 1114 1117 1176 sd
1134 1114 1258 1197 agenda
1313 1128 1385 1178 est:
1412 1113 1609 1197 Olympiade
1631 1110 1711 1180 VII.
1755 1117 1792 1176 ln
1814 1115 1879 1178 alio
1898 1115 2073 1198 Cyaieeno

515 1218 650 1299 ryrun,
682 1217 839 1292 vrumen,
873 1216 988 1296 anea,
1026 1199 1258 1295 eumenum,
1314 1214 1438 1277 ruinam
1463 1201 2070 1296 nc.rmnneunur1.anera.

514 1316 775 1395 Corinthiorum,
791 1317 1138 1386 Lacedaemoniorum.
1167 1319 1258 1383 Iurat
1314 1312 1587 1382 omniurn·
1627 1314 1706 1380 ΤΗ.
1792 1315 2070 1386 ΕΝΔΕΚΑΊἨ.

512 1420 602 1486 enim
626 1420 912 1499 animadvertere,
942 1417 1042 1484 urbes
1064 1419 1149 1483 tani·
1172 1417 1258 1502 apud
1314 1411 1604 1484 ΟΛΤΜΠΙΑΔΙ.
1674 1419 1850 1482 Heminae
1906 1421 2069 1503 Olympia

513 1520 738 1606 sangisclitis
753 1535 891 1605 propter
907 1521 1045 1606 aliquam
1062 1523 1258 1585 solameum
1315 1520 1516 1602 Olympiade
1531 1519 1594 1583 XI.
1632 1519 1721 1582 Istud
1736 1521 1790 1586 rel
1809 1521 1910 1584 tuoni
1928 1521 2067 1604 planum

515 1621 695 1706 olympicis
741 1622 985 1686 similitudinem
1027 1622 1258 1705 Olympiorum
1316 1620 1399 1694 erit,
1439 1631 1612 1705 utrumque
1644 1625 1804 1706 temporis
1835 1624 1965 1686 niterent
2008 1644 2067 1688 em

514 1726 609 1790 etiem
637 1701 947 1790 nornenindidisse.
976 1725 1054 1814 §ie
1075 1724 1193 1786 Strabo
1216 1724 1258 1784 de
1314 1739 1380 1782 non
1409 1739 1507 1803 posse
1530 1737 1721 1806 competere
1750 1723 1930 1808 Olympieis
1956 1643 2063 1802 ileu,

515 1825 765 1907 ludodctio·)e
787 1824 802 1888 ὁ
824 1824 1257 1912 ἁιγωιΟλυμπιοςέτςιΑιτια,
1315 1841 1397 1904 ergo
1437 1820 1620 1920 Olympici·
1656 1825 1921 1906 Cyzicenorum,
1961 1825 2064 1890 ducto
2195 1881 2196 1912 ,

511 1929 610 2002 ludus
636 1928 809 2009 Olympius
830 1928 961 2002 Actia,
987 1927 1140 1988 nimirum
1168 1925 1256 2010 qnod
1314 1923 1407 1986 initio
1429 1921 1468 1986 ab
1491 1945 1598 2024 suno,
1626 1945 1692 2009 quo
1720 1925 1755 1986 hi
1776 1927 1889 2009 Cyzici
1917 1927 2061 2020 primum
2195 1999 2196 2010 χ

509 2028 650 2112 perinde
680 2041 777 2111 etqua
804 2023 976 2110 Olympius
1008 2027 1258 2112 quinquennalis
1314 2043 1459 2109 coepere
1479 2027 1549 2110 agi,
1572 2047 1777 2110 quorumque
1794 2029 1954 2114 frequens
1972 2051 2064 2093 men·

510 2128 582 2194 fuit.
626 2130 776 2198 Vidimus
808 2149 928 2211 snpra,
964 2127 1059 2192 ludos
1081 2130 1255 2211 Tyriorum
1315 2127 1361 2189 tio
1378 2127 1412 2188 in
1433 2127 1666 2206 marmoribus,
1688 2129 1773 2219 apud
1789 2131 1967 2196 Aristidem
1986 2133 2061 2196 rhe-

516 2228 728 2293 ΗΡΑΚΛΙΑ
757 2229 866 2294 reneri
893 2232 988 2292 etiam
1015 2225 1256 2293 onrMfflA.
1314 2242 1432 2304 torem,
1446 2229 1603 2314 aliosque,
1615 2229 1657 2294 de
1671 2231 1787 2315 quibus
1800 2229 1876 2299 vide
1889 2231 2061 2299 observate

511 2331 592 2412 Ejus
614 2350 741 2393 eausam
773 2330 897 2412 colligo
925 2349 967 2394 ex
996 2343 1129 2392 anctore
1159 2329 1259 2393 libro·
1313 2331 1443 2414 Belleyi
1460 2333 1500 2394 sd
1511 2331 1611 2396 citata
1628 2354 1798 2401 marmora.
1820 2334 1961 2422 insignis
1978 2335 2061 2418 lapis

509 2451 582 2494 num
592 2430 898 2496 Macchabaeorum
910 2427 968 2514 δ),
985 2451 1059 2493 cum
1073 2443 1195 2508 autern,
1209 2434 1258 2494 in·
1314 2432 1529 2496 Farnesianus
1549 2435 1634 2517 apud
1650 2436 1827 2502 Gruterum
1844 2437 1874 2519 ε)
1892 2435 2061 2522 praedicet

511 2535 599 2620 quit,
621 2532 877 2613 quinquennalis
901 2551 988 2614 agon
1013 2532 1092 2614 Tyri
1116 2532 1257 2598 celebra·
1313 2535 1360 2597 Μ.
1379 2533 1458 2602 Aur.
1476 2535 1724 2619 Asclepiadem,
1749 2541 1803 2625 qui
1828 2538 1905 2603 vicit
1919 2538 2061 2602 Alexan·

510 2648 622 2714 retur,
660 2649 693 2698 et
733 2653 793 2696 ren
828 2650 986 2715 praesens
1021 2646 1129 2710 esset,
1162 2638 1256 2698 misit
1314 2634 1404 2698 drise
1422 2630 1659 2703 ΟΛΤΜΠΙΑ.
1677 2637 1966 2706 ΟΛΤΜΠΙΑΔῙ.
1984 2639 2060 2704 ΕΚ·

509 2737 610 2815 lason
640 2737 680 2798 ab
704 2733 919 2818 ierosolymis
949 2735 1039 2796 viros
1062 2748 1256 2816 peccatores
1315 2731 1386 2798 ΤΗ.
1415 2739 1570 2820 Olympia
1595 2742 1791 2824 Olympiade
1803 2743 1882 2819 Vl..
1905 2741 2059 2806 nimirum

409 2827 414 2834 ’
504 2849 679 2921 parlantes
699 2839 830 2917 argenti
850 2835 1061 2900 didrachmas
1090 2848 1256 2901 trecentas
1299 2837 1344 2899 ¹iu
1358 2839 1419 2902 hac
1435 2838 1517 2901 urbe
1533 2843 1716 2907 constituta.
1737 2845 1773 2904 ln
1786 2863 1950 2908 marmore
1959 2845 2059 2907 Athe·
2196 2879 2197 2910 t

507 2943 544 3002 s'n
566 2934 766 3020 sacrificium
781 2937 948 3000 Herculis.
990 2937 1150 2999 Nimirum
1172 2959 1254 3023 quos
1282 2930 1287 2940 ’
1312 2938 1419 3003 niensi
1438 2959 1480 3003 ex
1504 2939 1634 3006 schedis
1650 2945 1777 3026 Cyriaci
1796 2945 1901 3010 refert
1915 2949 2059 3011 Murato·

506 3041 603 3118 ludos
632 3035 722 3101 numi
755 3039 917 3102 Heraclea
951 3040 1108 3122 Olympia
1143 3041 1254 3124 appel·
1311 3041 1380 3106 rias
1395 3041 1446 3123 s)=
1473 3043 1756 3128 Sebastopolilani
1777 3049 1879 3111 Ponti
1905 3069 2058 3112 veneran-

508 3143 592 3216 iant,
618 3161 675 3204 eos
697 3153 791 3206 relos
813 3140 956 3223 scriptor
975 3141 1139 3203 Heraclea
1162 3147 1254 3220 puin·
1311 3159 1368 3208 tur
1396 3145 1603 3207 Hadrianum
1634 3147 1829 3227 Angustum
1866 3151 2056 3232 Olympium

507 3245 688 3325 quennalin
708 3255 822 3322 rouel,
852 3255 888 3306 ut
912 3242 995 3307 adeo
1022 3243 1055 3304 in
1076 3244 1137 3307 hac
1158 3264 1254 3308 causa
1310 3245 1385 3312 EN.
1428 3241 1505 3310 ΤΗ.
1542 3242 1728 3312 ΠΡΩΊἩ.
1765 3245 2055 3314 ΟΛΤΜΠΙΑΔΙ.

506 3345 593 3409 idem
634 3346 674 3406 sit
704 3345 893 3427 Olympias,
920 3357 956 3407 et
994 3345 1252 3428 quinquennalis.
1315 3347 1552 3431 Olympiadel.
1576 3350 2056 3440 Noaobrerrarirhaec.qnaa

508 3450 618 3532 Atque
648 3468 688 3512 er
724 3449 784 3516 hac
814 3467 887 3510 eam
916 3445 1008 3509 Eleis
1039 3447 1251 3512 similitudine
1310 3469 1387 3513 mox
1401 3449 1781 3544 dixeramtmrnoriua,
1799 3454 1898 3540 quiin
1912 3455 2055 3538 subjecta

507 3548 627 3614 iactum
664 3550 835 3632 suspicor,
870 3561 906 3612 nt
944 3549 1079 3611 aliarum
1123 3549 1250 3612 urbium
1309 3566 1385 3616 nota
1401 3553 1562 3617 excidisse
1580 3565 1687 3618 notam
1708 3557 1801 3620 aliam
1817 3557 2054 3624 arithmeticam

508 3649 659 3734 Olympia
719 3651 752 3720 in
810 3648 976 3718 nonnullis
1035 3651 1253 3714 marmoribus
1309 3646 1516 3739 suspicatur.'
1535 3657 1615 3720 Nam
1633 3677 1697 3719 non
1715 3672 1856 3740 aguntur
1874 3659 1928 3724 trie
1942 3660 2054 3744 Olym·

507 3745 812 3828 momente,
850 3749 885 3814 id
922 3763 993 3815 est:
1023 3752 1140 3814 similis
1177 3773 1249 3816 cum
1310 3757 1361 3838 pia
1383 3757 1483 3834 Elea,
1507 3757 1564 3819 sed
1589 3758 1710 3842 privata
1729 3759 1997 3839 Atheniensium,
2020 3777 2053 3826 et

509 3851 671 3934 Olympiis
693 3849 786 3912 Eleis
812 3851 965 3928 rationis,
995 3854 1249 3937 appellarentur,
1309 3858 1390 3922 naec
1421 3880 1552 3944 quoque
1590 3882 1633 3924 ex
1661 3863 1878 3928 marmoribus
1912 3865 2051 3948 cognita.

416 3973 420 3984 ·
505 3968 542 4020 ut
564 3952 631 4015 dixi
652 3952 686 4012 in
714 3951 959 4045 prolegomenis
990 3954 1031 4018 ad
1060 3963 1251 4039 praesentes
1308 3961 1399 4023 idem
1433 3961 1575 4045 denique
1604 3963 1818 4046 comprobant
1847 3967 1937 4029 numi
1966 3969 2053 4034 citati

504 4053 658 4117 ludorum
676 4073 800 4116 numos.
1042 4105 1046 4112 .
1307 4061 1469 4126 Anazarbi
1495 4063 1654 4142 Ciliciae,
1683 4066 1853 4150 inscripti:
1892 4065 1962 4136 GT.
1994 4069 2052 4133 ΙΕ-

541 4219 549 4244 :
585 4157 724 4220 Praeter
751 4153 1059 4240 quinquennalitatis
1089 4161 1250 4226 rationem
1309 4160 1715 4230 ΡΟΤ.ΟΛΤΜΠ.ΘΖΟ.
1731 4191 1818 4232 annu
1832 4192 1927 4233 sacro
1942 4174 2054 4258 Olym·

507 4257 576 4324 tali
597 4258 762 4342 Olympici
789 4259 1017 4326 nonnullarum
1053 4263 1183 4326 urbium
1212 4267 1252 4329 il·
1303 4273 1380 4349 pice
1404 4265 1476 4348 alre.
1513 4269 1631 4350 Coepit
1655 4269 1709 4334 lric
1731 4291 1832 4335 annus
1854 4277 2050 4338 eerseAns·

505 4364 563 4434 lud
589 4362 687 4427 etiam
716 4383 789 4426 cum
819 4361 911 4426 Eleis
937 4362 1082 4428 habuere
1107 4387 1250 4433 eommu-
1307 4365 1474 4432 norbensis
1498 4369 1530 4432 in
1553 4389 1708 4436 aurumne
1730 4371 1864 4442 snniV.
1881 4375 1917 4440 C.
1943 4375 2049 4450 rond..

504 4486 562 4544 ne,
586 4465 674 4550 quod
690 4466 766 4530 ittae
781 4464 920 4550 perinde
935 4480 1032 4552 atque
1045 4469 1121 4532 Elei
1135 4469 1250 4554 Olym·
1306 4475 1362 4560 qui
1379 4473 1462 4537 adeo
1482 4493 1668 4558 congruere
1687 4497 1752 4539 ιιοιι
1772 4491 1881 4560 potest
1902 4499 1975 4542 cam
1998 4501 2048 4543 sn·

542 4689 704 4760 a)L.V11.
730 4705 898 4767 pan-501.
1032 4694 1066 4766 lr)
1096 4695 1129 4755 la.
1148 4697 1185 4756 ll.
1211 4707 1281 4760 eds·
1402 4701 1433 4770 c)
1457 4713 1516 4757 snt.
1532 4701 1567 4756 T.
1585 4701 1623 4762 ll.
1648 4701 1709 4760 mh.
1724 4705 1767 4766 63.
1870 4703 2045 4774 dilabor

365 4850 369 4870 .
503 4779 748 4855 opressus.
825 4783 855 4855 l)
875 4801 942 4860 pop.
965 4791 1043 4848 1080·
1064 4801 1090 4848 l·
1152 4785 1158 4794 ’
1274 4851 1279 4860 ,
