4338 5554
510 555 580 636 198
714 507 720 522 ⁸
1145 525 1359 604 CAPVT-
1384 530 1411 600 l.

508 719 574 782 tor,
598 707 686 768 idem
707 717 743 768 ot
757 703 904 780 archon;
927 699 993 764 sict
1016 693 1147 762 CTPA.
1168 693 1253 757 etQ.
1316 699 1355 761 Ss'
1374 696 1466 758 artis
1487 695 1631 772 archon,
1653 698 1691 760 s'd
1708 701 1782 770 est,
1805 707 1977 777 strategus
1999 711 2064 760 ete.

507 803 826 871 ΛΙΒΩΝΙΑΝΟΤ.
851 803 884 863 in
911 801 995 865 olio:
1028 795 1097 862 ΑΡ.
1114 795 1172 863 10.
1187 795 1254 860 nt·
1310 799 1364 862 De
1396 796 1607 861 Constantino
1636 799 1682 860 Μ.
1713 809 1823 858 namet
1849 796 1994 872 lulianus
2021 801 2063 880 ⁸¹),
2137 875 2138 908 1

413 949 422 960 ·
505 903 773 972 ΒΩΝΙΑΝΟΤ.
1099 954 1101 972 ,
1311 904 1454 974 βασιλευς
1475 918 1538 982 ‘pue
1567 893 1606 958 eir
1633 921 1683 958 aas
1704 919 1799 975 ructor
1817 919 1957 976 sursus,
1986 921 2061 979 ses·

571 1008 627 1072 lll.
644 1005 756 1086 *Magis
775 1002 912 1077 mirum,
935 1021 1031 1064 unam
1051 999 1254 1083 eandemque
1311 1021 1411 1086 seper
1427 997 1541 1062 irrasus
1562 995 1632 1078 η’ξω
1650 1002 1840 1078 renarrem,
1862 1017 1925 1062 ree
1945 1017 1980 1064 et
2001 1003 2058 1064 do·

507 1127 680 1194 personam
700 1105 733 1164 in
756 1103 872 1168 eodem
898 1123 996 1165 numu
1020 1102 1117 1165 simul
1141 1114 1256 1164 strate·
1312 1105 1422 1162 minus
1444 1105 1589 1162 emnium
1610 1121 1685 1170 cuns
1706 1115 1810 1178 esset,
1838 1125 1953 1165 rorum
1974 1119 2063 1166 stru·

508 1230 604 1292 gum,
636 1205 732 1270 simul
763 1201 954 1266 archontem
980 1202 1087 1287 prodi.
1140 1204 1195 1266 ste
1221 1204 1256 1262 in
1313 1213 1409 1282 tagus
1429 1202 1537 1263 uoluit
1557 1207 1696 1278 vocari,
1723 1202 1756 1263 id
1781 1217 1850 1266 eat:
1879 1205 2062 1268 Athenian·

509 1330 609 1372 numo
632 1305 910 1383 Sardianorum,
940 1323 1037 1387 quern
1065 1305 1143 1366 citat
1178 1302 1257 1366 Bel·
1313 1301 1418 1378 sium
1446 1313 1643 1380 strarant,
1678 1325 1838 1368 summum
1875 1307 1963 1390 apud
1998 1308 2060 1372 bos

508 1410 664 1492 leyen),
696 1403 788 1468 ent.
811 1405 910 1470 CTP.
937 1401 1253 1468 HPAKAetnot‘.
1312 1402 1531 1484 magistratum
1551 1405 1688 1487 proprio
1710 1407 1870 1470 vocabulo
1892 1429 1960 1472 non
1985 1409 2061 1471 luis·

509 1508 615 1574 APX.
634 1509 677 1570 A.
706 1509 743 1568 ln
762 1508 849 1570 sliat
873 1501 1082 1570 entc‘rt’.
1103 1501 1256 1566 Mente-
1313 1521 1348 1566 se
1379 1516 1579 1584 strategum,
1616 1505 1677 1567 sed
1716 1506 1920 1572 anebontem.
1965 1511 2060 1573 Adde

508 1604 829 1674 CTPATIANOT.
856 1603 961 1668 APX.
1001 1606 1027 1666 si
1059 1605 1157 1677 modo
1191 1604 1255 1666 rita
1311 1603 1554 1685 proconsules,
1590 1621 1824 1688 propraetores
1866 1631 1883 1671 a
1922 1609 2060 1678 Graecia

507 1711 593 1775 lecta
609 1721 660 1771 est
675 1703 983 1770 borum'numorum
1000 1707 1198 1790 epigraphe,
1219 1717 1257 1768 ut
1312 1702 1526 1787 scriptoribus
1548 1707 1640 1770 nullo
1661 1728 1759 1792 saepe
1782 1707 1973 1775 discrimina
1997 1714 2060 1796 jam

507 1809 620 1876 monui
637 1809 670 1869 in
690 1822 820 1871 moneta
835 1805 996 1871 Sardium.
1310 1799 1485 1887 ἄρχοντας,
1516 1804 1581 1889 jam
1603 1829 1781 1893 ςρατηεγυς,
1812 1811 1876 1892 jam
1905 1811 2061 1898 sfqepasaf

569 1913 628 1982 tv.
658 1909 769 1976 Vrbes
806 1929 888 1992 quae
930 1907 1139 1970 archontibus
1178 1927 1255 1970 usae
1312 1905 1514 1989 appellatos,
1545 1909 1635 1990 cujus
1667 1908 1763 1975 obvia
1791 1925 1866 2002 sunt
1896 1917 2061 2000 exempla,

509 2025 603 2088 sunt,
626 2011 705 2087 etsi,
728 2025 764 2073 ut
780 2010 934 2084 vidimus,
956 2028 1023 2071 aon
1043 2029 1119 2071 raro
1141 2021 1257 2072 strate·
1313 2016 1410 2088 atque
1440 2009 1620 2072 secandum
1658 2010 1746 2076 bunc
1781 2032 1910 2076 murem
1944 2016 2060 2082 dixere

411 2166 415 2176 .
510 2135 568 2202 gos
586 2111 795 2188 admiserint,
817 2129 981 2193 nunquam
1003 2121 1110 2175 tanen
1132 2109 1255 2171 scribas
1312 2107 1384 2169 Leo
1422 2120 1456 2170 et
1492 2109 1720 2176 Constantinus
1747 2114 1854 2198 Angg.
1885 2117 1918 2198 a)
1950 2142 1990 2182 aa
2027 2145 2060 2180 f,

508 2218 543 2279 in
558 2227 690 2277 moneta
711 2234 767 2275 sua
787 2212 969 2295 signavere.
1008 2212 1129 2274 Contra
1147 2210 1188 2273 ab
1204 2232 1257 2272 ur·
1311 2203 1458 2291 ἄρχοντος
1478 2205 1572 2292 ὄνομα
1597 2234 1713 2298 possus
1745 2209 1813 2290 iss,
1841 2237 1891 2276 aur
1920 2235 2059 2302 seperta

508 2317 628 2389 bibus,
661 2312 717 2396 qni
748 2325 926 2394 strategum
956 2312 1177 2394 magistratum
1202 2311 1258 2372 ba·
1312 2329 1363 2367 tus
1386 2328 1560 2394 sternens,
1582 2334 1632 2371 aas
1655 2309 1844 2392 eisdunases,
1873 2338 1925 2378 aas
1948 2331 2063 2394 rassae

509 2418 671 2491 buerunt,
698 2411 850 2476 videmus
871 2413 968 2474 etiam
992 2411 1150 2474 admissus
1178 2411 1258 2474 scri·
1312 2430 1368 2482 suf
1394 2428 1452 2469 rur
1484 2406 1636 2496 irreptus
1675 2407 1850 2493 decerpsere,
1888 2422 2062 2485 archoum

508 2517 591 2591 bas,
607 2527 643 2578 nt
664 2512 784 2575 docent
807 2513 897 2576 numi
918 2511 1100 2594 Adramytii
1119 2511 1259 2594 Mysiae,
1312 2529 1429 2571 nemen
1446 2516 1601 2592 generale
1622 2526 1691 2592 est,
1712 2528 1746 2579 et
1766 2517 1939 2604 signifieat
1960 2541 2063 2600 aeque

507 2615 652 2705 Ephesi,
670 2612 840 2697 Pergami,
857 2612 1227 2694 LaodiceaePbrygiae.
1308 2620 1519 2690 praetorem,
1544 2625 1578 2675 et
1601 2618 1857 2696 proconsulem,
1886 2635 1923 2685 et
1951 2645 2063 2688 omnm
2129 2649 2136 2692 t

572 2716 690 2787 Varios
717 2716 795 2790 bos,
819 2713 905 2796 quod
928 2712 969 2774 ad
989 2713 1194 2796 magistratus
1211 2725 1257 2776 at·
1308 2713 1556 2791 prouinciarum
1574 2718 1758 2796 praesides.

510 2823 613 2894 tinet,
635 2816 751 2880 modos
775 2814 952 2897 proposui,
981 2813 1039 2876 sed
1063 2830 1097 2878 et
1119 2813 1257 2879 totidem
1382 2811 1474 2874 Hanc
1503 2811 1604 2895 igitur
1632 2817 1878 2902 magistratuum
1912 2839 2060 2909 spectato
2135 2887 2136 2892 ,

510 2921 738 2994 difficultates,
758 2913 983 2980 artisudstrae
1002 2915 1165 2998 magistris
1182 2915 1256 2978 lere
1312 2911 1445 2974 numina
1480 2915 1708 2981 confusionem
1739 2919 1768 2982 si
1799 2924 2060 3002 consideremus,

510 3025 654 3087 intactas.
706 3017 812 3113 Quam
856 3017 945 3080 enim
983 3035 1113 3078 causam
1145 3016 1258 3081 incon·
1312 3033 1484 3098 possemus
1512 3034 1588 3080 sane
1616 3019 1807 3100 conjicere,
1837 3023 1986 3092 Graecos
2013 3051 2061 3092 su·

510 3125 645 3190 stantiae
681 3117 848 3195 dabimus,
879 3135 977 3202 quam
1008 3117 1082 3180 loco
1110 3121 1135 3180 1.
1169 3117 1257 3194 dedi,
1313 3136 1464 3198 premam
1485 3136 1585 3179 snum*
1598 3121 1819 3204 magistratum
1841 3125 1907 3208 jam
1923 3129 2061 3194 archon.

510 3227 638 3291 scilieet
659 3220 808 3304 inscripti
825 3218 857 3281 in
877 3219 1024 3302 ejusdem
1042 3219 1133 3283 urbis
1151 3221 1257 3284 numia
1313 3230 1406 3294 tem,
1445 3217 1510 3299 jam
1549 3234 1737 3300 praetorem
1780 3229 1975 3310 appellum,
2017 3237 2060 3296 g,

511 3329 575 3410 jans
597 3324 780 3397 archontia,
802 3321 866 3404 jam
892 3320 1076 3402 praetoris?
1098 3343 1138 3384 an
1161 3323 1257 3384 toties
1315 3331 1467 3402 superest
1494 3317 1576 3382 aliua
1606 3320 1728 3386 nodum
1758 3327 1846 3390 bane
1867 3329 2061 3396 enolmffi

511 3441 667 3493 mutatam
693 3423 843 3505 regimen
868 3421 1064 3504 politicum?
1094 3421 1257 3505 quodvis
1314 3419 1442 3482 modus.
1486 3419 1646 3500 Constat,
1673 3424 1707 3484 in
1737 3426 1889 3509 pluribus
1927 3432 2062 3500 citimi.

513 3527 685 3602 eradibile.
730 3521 946 3604 superinde
977 3520 1144 3597 habitum,
1173 3542 1260 3584 sum·
1313 3520 1374 3582 bus
1392 3521 1616 3586 variosluisse
1643 3525 1761 3590 endem
1783 3541 1932 3614 tempora
1955 3547 1990 3598 at
2010 3557 2061 3600 a..

513 3648 600 3692 mum
624 3643 715 3688 suum
744 3622 967 3704 magistratum
991 3643 1031 3683 an
1054 3621 1263 3700 archontum,
1313 3621 1384 3684 riae
1400 3623 1569 3704 potestatis
1587 3627 1803 3710 magistratus.
1835 3631 2062 3700 FuereAtha.

514 3751 553 3794 an
589 3719 776 3813 praetorem
817 3719 1047 3804 appellarent?
1091 3721 1260 3788 Sententia
1315 3721 1366 3784 nia
1386 3723 1580 3801 archontes,
1597 3731 1750 3811 strategi,
1767 3731 1906 3800 scribae.
1941 3737 1998 3802 Da
2014 3760 2063 3802 us.

513 3849 579 3892 aaa
615 3821 845 3888 incommoda:
881 3823 1003 3884 etenim
1040 3842 1083 3886 ex
1112 3823 1261 3906 pluribus
1317 3824 1513 3901 cbontibus,
1545 3847 1710 3912 eponymo
1746 3853 1859 3896 earum
1895 3838 2062 3924 magiam.

513 3927 681 3994 inlerisris
702 3924 815 3989 aetatis
842 3922 1037 3986 testimoniis
1066 3923 1130 4006 jam
1160 3924 1261 3990 colle·
1316 3939 1374 4003 tu,
1406 3927 1506 4010 vulgo
1538 3943 1675 3996 constat.
1716 3934 1769 3997 De
1800 3941 1983 4004 constituti.
2015 3943 2063 4006 ibi

514 4033 562 4118 git
582 4026 791 4100 llarduinns,
823 4036 944 4086 mutato
968 4026 1100 4090 nomine
1122 4027 1260 4092 eandem
1318 4030 1489 4112 strategis,
1509 4031 1666 4116 varioque
1685 4053 1801 4099 eornm
1827 4049 1965 4106 munere
1985 4045 2063 4110 side

515 4133 683 4217 utriusque
714 4127 817 4190 luisse
842 4123 1038 4208 potestatem
1060 4127 1105 4212 b).
1148 4129 1205 4194 Sic
1226 4132 1260 4192 in
1318 4131 1550 4215 spanhemium
1565 4129 1606 4212 t),
1650 4136 1702 4200 ῃ,
1718 4138 2065 4212 mmmmmd-

516 4235 649 4321 glossis:
667 4227 872 4311 Στρατηφος,
892 4233 1262 4310 magistratus,duum·
1318 4232 1368 4296 bis
1405 4234 1532 4316 egimus
1559 4257 1666 4320 snpra.
1717 4241 1865 4306 Eandem
1896 4249 2065 4334 magistr..

516 4343 585 4415 sr'r,
601 4346 746 4418 praetor.
789 4327 1063 4412 barracanos
1082 4331 1148 4394 Eas
1167 4331 1185 4395 ὃ
1207 4357 1263 4411 της
1317 4349 1409 4400 tuum
1430 4326 1725 4423 varietatem'39ffl
1754 4343 1835 4407 ὼ,
1856 4367 1987 4434 quoque
2012 4374 2066 4415 ur·

516 4443 630 4511 πολιως
658 4433 785 4518 ἄρχων,
801 4451 925 4506 ‘sessu
946 4453 1105 4518 ςρατητγος
1123 4461 1151 4501 κ.
1173 4459 1205 4503 s.
1226 4441 1256 4502 b.
1317 4437 1377 4502 bes
1399 4435 1575 4502 obtinuisse
1598 4453 1633 4503 et
1650 4442 1828 4510 uerisimile
1848 4462 1918 4530 est,
1941 4466 1976 4516 at
1991 4475 2066 4538 psa-
2137 4507 2138 4530 ,

523 4575 2058 4612 una-m

554 4663 585 4732 a)
606 4659 637 4715 tt.
652 4657 686 4714 L.
705 4658 739 4714 Τ.
756 4655 865 4714 XVlll.
884 4675 915 4732 p.
934 4665 996 4719 tte.
1067 4656 1102 4732 b)
1121 4660 1209 4718 Num.
1229 4659 1342 4720 ilbsub
1360 4649 1540 4734 Αιξιιιιτων.
1613 4665 2062 4751 e)L.xxv11,djg‚fip·1‚g,
2137 4693 2138 4718 1

517 4761 644 4810 actast.
661 4747 719 4822 leg.
743 4758 784 4812 15.
859 4743 891 4817 d)
911 4741 995 4810 Orat.
1015 4745 1038 4806 l.
1112 4750 1143 4821 e)
1164 4749 1221 4808 Tit.
1240 4751 1291 4813 Vl.
1312 4749 1351 4810 de
1367 4752 1532 4831 praesidib·
1606 4755 1639 4824 l)
1657 4753 1784 4819 Tenui.
1802 4767 1908 4839 p.69t.
