4338 5554
412 523 654 652 us'vnn.
692 569 908 650 Asson.
945 549 1368 688 ntsfnnmvttts.
1594 583 1665 686 ²01

113 761 163 813 rat
186 747 273 816 saris
294 721 479 812 civitatibus
500 743 677 810 Graecina
698 745 744 806 hl.
758 743 859 806 huto·
916 741 1109 820 buticum
1118 743 1206 822 quod
1213 743 1347 824 regibus
1353 742 1451 826 serre
1460 747 1554 807 soliti
1564 762 1671 820 erunt,

112 850 168 912 nio
186 868 342 912 ooucessa
361 845 538 924 beneficia,
561 842 681 922 Λυκιυς
703 867 773 930 prs,
799 845 866 922 ait,
913 835 1109 926 populo'li.
1126 843 1287 926 pendere,
1315 863 1388 908 cum
1411 865 1476 930 quo
1501 847 1669 929 conspirat

115 948 237 1026 cirrheae
260 961 354 1032 posce
378 945 494 1030 ἇφιεις,
526 949 644 1030 Lyciis
669 951 860 1014 immunito·
917 943 1015 1040 etiam
1036 941 1231 1006 Plutarchus
1260 943 1355 1022 leco,
1387 965 1485 1030 quem
1512 946 1668 1011 indicavi·

112 1067 178 1116 tem
200 1073 222 1114 c
241 1052 379 1115 tributis
397 1053 578 1124 concessit,
607 1061 732 1114 etmott
756 1043 867 1110 iniret
918 1065 1001 1110 mus.
1034 1045 1122 1107 Nolo
1140 1043 1449 1130 cumulareiubuits
1470 1046 1532 1110 alia
1555 1069 1666 1114 exem·

111 1147 285 1226 Accienses
309 1145 345 1213 ds
362 1173 416 1212 aus
430 1149 575 1231 Tagorae
599 1148 758 1230 insciisque
778 1143 863 1228 ipses
914 1145 970 1228 plu
991 1147 1169 1228 permissae
1197 1145 1372 1226 ihrulisescc
1400 1169 1463 1215 una
1495 1169 1567 1211 com
1597 1149 1666 1212 cirs-

112 1277 169 1314 uss
190 1251 311 1327 ἀτελοις
335 1257 446 1332 persii,
479 1253 697 1316 laodicenses
722 1270 796 1314 vcro
826 1263 859 1312 et
915 1251 1001 1329 hess,
1029 1267 1103 1310 cum
1119 1247 1188 1328 {am
1210 1246 1250 1310 ab
1273 1249 1377 1312 allatis
1400 1250 1559 1332 exemplis
1582 1253 1661 1315 satis

115 1353 291 1418 Tarsenses
314 1354 436 1416 liberos
459 1373 530 1416 esse
552 1353 654 1431 jussit
682 1363 716 1414 et
742 1353 861 1414 immu-
914 1367 1079 1432 superque
1111 1348 1258 1423 eluceat,
1299 1348 1382 1414 bsuo
1418 1350 1479 1414 sub
1508 1350 1565 1415 illa
1595 1373 1663 1416 uon

110 1476 167 1516 nes
188 1459 229 1535 ¹).
263 1451 352 1548 Quid
376 1472 514 1520 necesse
532 1451 640 1516 iuerat
660 1450 783 1515 addere
800 1451 860 1512 im·
913 1447 1015 1512 luisse
1032 1447 1251 1524 intellectam,
1279 1464 1312 1512 et
1333 1463 1513 1536 utrumque
1529 1453 1665 1536 privile·

108 1554 381 1632 nunitsssn,»si
402 1555 484 1619 hsec
505 1554 620 1636 jemin
640 1552 792 1616 libertate
813 1551 861 1613 iu·
918 1549 1007 1634 glum
1035 1548 1154 1613 valoris
1176 1550 1313 1612 multum
1340 1550 1462 1614 diversi
1488 1554 1662 1632 exstitisse,

110 1655 198 1720 cluss
215 1655 299 1720 iuitl
321 1655 452 1720 Eodem
471 1651 625 1738 exemplo
639 1653 752 1716 Livius
768 1672 861 1716 cusr-
917 1665 951 1716 st
968 1650 1056 1736 quod
1073 1664 1185 1734 suapte
1202 1651 1365 1735 sequitur,
1383 1650 1537 1716 dictatum
1556 1657 1663 1720 aBel·

108 1777 303 1842 raus,.quae
317 1753 860 1838 linitobelloGoutiilllyriiscre·
915 1749 992 1833 lsyo
1018 1751 1195 1814 discrimen
1220 1749 1393 1836 durosepms
1416 1753 1503 1818 iuter
1525 1768 1559 1819 et
1578 1754 1661 1818 ἕλευ-

109 1877 212 1936 nsre,
237 1872 407 1934 senatum,
430 1854 561 1942 iuquit,
576 1858 798 1939 populumque
816 1857 859 1920 lt.
915 1853 1020 1934 heptas
1041 1854 1149 1916 locum
1172 1852 1295 1917 habere
1317 1854 1440 1940 nequit.

111 1961 254 2043 Illyrios
268 1980 338 2022 csse
354 1959 475 2022 liberos
487 1958 617 2038 jubere,
627 1959 797 2038 praesidia
814 1975 859 2020 cc
975 1955 1020 2016 At
1033 1953 1112 2038 quid
1129 1953 1260 2018 tandem
1277 1955 1365 2018 inter
1382 1969 1556 2041 utramque
1573 1957 1659 2022 bunc

107 2062 262 2124 omnibus
290 2061 434 2141 oppidis,
464 2059 614 2134 arcibus,
644 2071 678 2120 et
706 2059 856 2120 castellis
888 2049 1041 2118 *titutum
1063 2056 1224 2120 intonent?
1259 2056 1385 2134 Credo,
1407 2075 1521 2124 sorum
1543 2058 1662 2122 umiss-

106 2182 177 2224 sese
192 2162 417 2224 deducturum.
433 2156 537 2222 NON
549 2158 717 2222 SOLVM
730 2150 857 2220 ΗΒΕ·
913 2177 977 2241 que
1005 2155 1182 2220 discrimen
1210 2177 1254 2220 ue
1281 2158 1360 2240 ipsis
1383 2157 1515 2243 quidem
1539 2160 1658 2224 veteri·

107 2261 214 2336 BOS,
240 2259 332 2324 SED
351 2257 516 2322 ETJAM
531 2255 763 2322 IMMVNES
774 2262 856 2342 fore
912 2257 973 2322 bus
995 2259 1071 2324 sctis
1092 2257 1194 2322 fuisse
1216 2259 1439 2343 exploratum,
1462 2273 1516 2324 aut
1538 2261 1657 2338 siluit,

104 2341 249 2424 Issenses
270 2371 303 2422 et
331 2357 684 2441 Tartessiorum).
717 2359 778 2422 Est
800 2358 854 2424 hic
912 2359 961 2424 sio
987 2361 1156 2444 utriusque
1184 2359 1337 2423 contusus
1364 2361 1465 2426 luisse
1492 2361 1593 2439 lines,
1622 2376 1658 2426 ut

102 2461 199 2528 locst
210 2459 381 2539 classicus,
397 2460 567 2526 manifeste
581 2461 669 2525 enim
683 2457 853 2542 distinguit
910 2463 986 2526 satis
1017 2461 1167 2547 dignosci
1194 2482 1231 2524 ao
1260 2460 1392 2524 deliniri
1419 2483 1486 2526 uon
1511 2479 1656 2548 possent.

102 2564 191 2626 inter
212 2566 351 2626 liberum
374 2575 408 2625 ct
430 2567 591 2641 isssmane,
620 2581 759 2646 cumque
778 2563 853 2646 1117·
910 2563 985 2656 Quo
1002 2564 1141 2640 lactum,
1166 2577 1259 2626 utne
1277 2563 1347 2647 ipse
1368 2563 1502 2648 quidem
1521 2585 1657 2646 maguus

102 2669 169 2729 rios
190 2665 318 2728 minore
337 2663 500 2728 beneficio
520 2665 642 2728 liberos
657 2676 779 2728 tantum
797 2687 852 2748 sp·
907 2665 1123 2748 spanhemius
1149 2665 1271 2728 exitum
1301 2685 1342 2728 er
1373 2667 1437 2728 boc
1466 2665 1654 2748 labyrintho

102 2767 243 2848 pullatos
267 2765 422 2842 dixisset,
447 2762 555 2840 addit,
582 2765 762 2828 [securibus
787 2768 849 2830 lar·
905 2767 1070 2850 reperiret
1086 2810 1105 2843 ,.
1135 2781 1169 2830 ot
1206 2766 1325 2852 passim
1363 2763 1539 2852 ricrosspsus
1577 2787 1652 2830 cum

26 2911 27 2918 κ
103 2869 199 2952 giers
214 2867 376 2930 beneficio
393 2878 525 2948 praeter
540 2865 728 2929 libertatem
742 2887 850 2932 acces·
901 2865 1063 2950 ἐλευθεςιᾳ
1086 2868 1313 2930 confunderet.
1336 2865 1437 2950 Atqui
1455 2882 1526 2932 erut
1544 2869 1579 2933 is.
1590 2871 1653 2948 vir,

101 2970 182 3032 sisse
199 2967 295 3032 etiam
313 2968 561 3044 immunitatem,
581 2967 734 3050 nimirum
749 2967 847 3052 quod,
905 2970 962 3051 qui
991 2981 1130 3053 propter
1157 2967 1384 3032 incredibilem
1413 2969 1652 3047 eruditionem,

100 3086 135 3132 ut
153 3070 308 3134 contiuuo
327 3067 477 3151 subjicit,
496 3065 790 3134 incolumiGeutio
807 3069 848 3132 sd
905 3083 939 3134 ut
961 3070 1050 3154 quod
1070 3070 1135 3152 juri
1155 3069 1288 3153 publico
1309 3069 1348 3128 ll.
1373 3067 1545 3132 liberalem
1575 3092 1654 3154 ope·

99 3175 264 3236 llomsnos
295 3169 506 3234 defecissent.
545 3171 638 3254 Ergo
662 3171 847 3234 immunitas
902 3191 971 3234 ram
994 3171 1217 3252 impenderet,
1246 3189 1327 3254 prae
1357 3169 1464 3230 multis
1493 3169 1563 3234 aliis
1590 3173 1652 3235 luit

97 3273 160 3338 sub
176 3274 330 3338 libertate
346 3271 585 3355 comprehensa
601 3292 666 3332 non
686 3271 765 3350 suit,
789 3293 847 3354 neq
902 3271 1059 3347 idoneus,
1098 3272 1154 3352 qui
1185 3290 1299 3334 verum
1329 3270 1513 3352 reperiret,
1553 3273 1652 3356 siqui-

96 3375 276 3460 queadeo,
296 3379 351 3462 qui
368 3371 656 3452 liber‚e'hru8resr,
674 3374 770 3436 ctiam
787 3374 847 3436 im-
902 3372 977 3436 dem
999 3372 1141 3456 reperiri
1162 3386 1283 3456 posset.
1325 3371 1439 3433 Mouui
1469 3372 1648 3456 principio,

94 3479 220 3556 munis,
243 3473 358 3556 ἆτιλης
380 3477 451 3542 suit.
485 3475 583 3543 Victo
604 3473 759 3559 Philippo
780 3475 846 3558 jus·
901 3475 964 3558 jim
997 3497 1015 3538 s
1048 3474 1274 3539 vetustissimis
1303 3471 1439 3536 Graccis
1473 3488 1647 3560 utrumque

90 3599 167 3644 sere
197 3581 356 3656 Romani,
394 3575 600 3652 Corinthios,
636 3577 843 3654 Phocenses,
900 3575 1095 3642 uocabulum
1121 3575 1316 3661 promiscue
1332 3574 1434 3638 inisse
1457 3573 1647 3651 adhibitum,

91 3695 156 3748 etc.
172 3703 246 3748 este
266 3681 435 3760 ε’λευὸερκς,
448 3677 700 3764 ipsgohoepurae,
720 3680 843 3742 liberos
900 3693 997 3763 atque
1019 3679 1117 3741 stiam
1138 3677 1299 3762 sequioris
1321 3676 1393 3738 aeri
1416 3675 1551 3740 Graecis
1572 3699 1647 3761 por·

90 3791 263 3846 immunes.
287 3782 489 3846 Testimonia
507 3780 638 3862 integra
658 3793 721 3842 tam
740 3778 844 3842 Grac·
898 3779 975 3844 inde
1002 3779 1167 3853 habitum,
1199 3780 1283 3855 hoc,
1312 3778 1415 3842 illose
1446 3777 1544 3842 modo
1571 3799 1648 3863 per·

91 3907 139 3962 ca,
156 3905 255 3969 quam
266 3883 379 3947 Latius
393 3883 504 3966 puullo
521 3903 618 3964 supra
633 3880 779 3962 recitari.
797 3883 841 3946 At
898 3883 996 3949 missa
1023 3881 1086 3946 sibi
1112 3883 1185 3965 jura
1212 3880 1434 3944 enunciarsnt.
1478 3879 1567 3976 Quin
1595 3900 1648 3944 re·

91 4006 160 4051 uon
183 3986 240 4050 sio·
262 3999 370 4053 actum
397 4007 473 4048 cum
494 3982 730 4048 Macedonibus
752 3981 840 4050 rictu
896 3984 1011 4068 perio,
1050 3983 1204 4050 Graecus.
1230 3983 1397 4060 civitates,
1438 4004 1517 4066 quas
1554 3996 1645 4048 certa

91 4089 234 4162 Porseot
261 4105 335 4148 uam
354 4086 583 4150 hi-secuudum
603 4085 741 4149 adducta
761 4106 839 4151 mox
895 4085 1126 4164 fidocoustut,
1148 4086 1248 4150 fuisse
1271 4083 1447 4163 ἕλευθερας,
1478 4106 1545 4147 non
1567 4107 1644 4150 raro

89 4189 175 4254 livii
198 4201 231 4251 et
251 4187 419 4252 Plutarchi
450 4188 581 4252 oracula
611 4200 733 4258 tuntum
761 4208 836 4271 pro·
893 4189 927 4252 in
957 4189 1179 4255 monumentis
1206 4187 1346 4272 puhlicis
1375 4173 1539 4270 <increper
1570 4207 1643 4262 sese

89 4289 225 4372 mulgati
244 4288 341 4355 fcere
363 4287 529 4370 incussere,
551 4310 618 4368 non
638 4309 718 4352 vcro
738 4290 835 4354 etiam
892 4305 1016 4356 tautum
1045 4291 1239 4376 appellasse.
1263 4291 1381 4352 ‘Teste
1403 4285 1512 4352 Plinio
1533 4291 1642 4353 senio·

85 4393 223 4466 iretur,
244 4389 469 4474 quiu,utfiuu
490 4390 766 4474 ejusdcmcspitis
785 4412 838 4456 re·
892 4415 930 4458 re
967 4392 1092 4458 liberae
1127 4392 1262 4458 luerunt
1299 4389 1471 4470 eudochia
1509 4391 1642 4474 Syriae,

85 4497 152 4560 sert
177 4492 308 4570 Livius,
338 4491 422 4576 jussi
441 4491 553 4574 lucre,
577 4498 751 4574 dissidium
776 4499 836 4556 tri·
892 4495 1006 4580 Aegse
1036 4508 1069 4558 et
1100 4498 1236 4580 Mopsus
1268 4491 1421 4564 Ciliciae,
1463 4505 1496 4554 et
1535 4507 1643 4559 tamen

121 4837 149 4884 a,
171 4817 214 4870 Dc
231 4813 306 4872 ltelt.
326 4817 382 4872 cis.
402 4815 435 4872 L.
445 4813 480 4870 Υ.
498 4835 521 4873 c.
534 4827 559 4874 Γ.
635 4814 671 4884 bj.
693 4813 821 4872 mxlv.
841 4835 866 4872 r.
881 4807 921 4876 Σύ.
