4338 5554
531 531 610 608 aas.
1169 487 1369 606 'cartu
1407 523 1433 600 r.

537 711 569 759 et
595 697 765 762 numinum¹
785 699 907 760 cultum
935 699 1036 762 fuisse
1059 700 1277 763 commissum.
1336 713 1466 762 moneta
1498 721 1553 762 sua
1590 698 1727 762 obtulit
1760 699 1988 783 Byzantium,
2015 709 2086 778 atqua

535 799 685 866 Vidimus
718 821 813 883 supra
836 801 868 860 iu
897 802 1046 884 catalogo
1074 802 1279 864 sacerdotem
1338 803 1399 864 etsi
1421 802 1471 863 his
1492 821 1558 862 nou
1581 803 1734 864 addatur
1761 805 1880 880 isesias·
1900 820 2035 872 nomeu,
2057 815 2086 858 ta·

535 901 697 977 Antinoi,
733 902 857 964 Dianae
895 902 1086 983 Ephesiae,
1119 905 1281 986 Augusto·
1337 923 1413 964 men
1434 895 1567 964 dubium
1590 925 1660 966 uon
1691 917 1777 978 est,
1815 924 1876 964 eas
1902 901 2022 964 ratione
2040 919 2087 958 nr·

535 1024 632 1078 rum,
662 1003 729 1064 tum
752 1015 786 1063 et
807 1003 1012 1064 sacerdotem
1035 1008 1164 1080 Ionum,
1188 1004 1283 1066 etin
1336 1007 1425 1070 neris
1447 1010 1532 1072 sacri
1549 1007 1659 1068 neuris
1684 1005 1830 1079 illatas,
1856 1017 1894 1064 ut
1915 1001 1982 1062 dixi
2004 1001 2032 1060 iu
2047 1001 2086 1060 ha·

536 1103 620 1165 hioia
636 1103 744 1164 numia
762 1103 949 1184 pontificem
964 1102 1278 1184 perpetuom‚AIA.
1337 1112 1387 1192 jus
1413 1101 1502 1171 urbis
1526 1121 1669 1170 moneta.
1722 1106 1809 1167 Alia
1833 1099 2086 1166 sacerdaruuie

535 1203 654 1266 Brut.
698 1203 827 1264 Eodem
864 1205 961 1266 etism
995 1217 1145 1286 tempore
1181 1206 1282 1285 magi·
1338 1211 1521 1287 minarum,
1553 1207 1766 1290 etcopiose
1792 1204 1935 1288 quidem
1966 1203 2084 1283 exempla

536 1317 639 1368 stratu
675 1303 815 1387 profano
853 1305 1005 1394 functos,
1041 1305 1194 1368 nimirum
1225 1307 1281 1370 vei
1338 1311 1497 1396 praebent
1515 1311 1762 1393 epigrammata
1784 1321 1821 1368 et
1837 1307 2026 1389 scriptores.
2049 1301 2082 1362 Er

537 1403 689 1489 strategi,
711 1405 764 1467 rel
780 1405 924 1482 scribae,
947 1409 1040 1469 citata
1057 1427 1154 1490 supra
1172 1429 1281 1472 exent-
1338 1432 1439 1496 pauca
1462 1411 1625 1477 duntaxat.
1668 1415 1837 1472 Marmor
1862 1406 1979 1489 Sponii
2000 1405 2029 1484 d)
2046 1427 2082 1464 ro

537 1510 592 1594 pla
627 1519 796 1572 testantur.
840 1509 1027 1591 Repetitum
1054 1512 1150 1572 etism
1179 1510 1281 1573 fuisse
1338 1528 1389 1576 eat
1426 1511 1571 1574 Flauiam
1601 1506 1931 1572 APXIGPGIAN.
1964 1505 2080 1568 aetat.

536 1607 777 1695 pontificatum,
796 1607 915 1672 docent
929 1629 1100 1674 marmora.
1124 1610 1179 1674 Sic
1194 1611 1281 1694 apud
1335 1608 1478 1676 Naor.
1498 1606 1601 1676 Tot.
1616 1607 1691 1676 ΕΝ.
1711 1605 1915 1672 Ε(Ι)Ε(ΣΩ.
1933 1601 2080 1668 ΠΡΤΤΑ·

537 1711 695 1797 Spouium
726 1711 756 1792 ¹)
804 1707 979 1778 terete.
1021 1709 1163 1776 ΚΑΤΑ.
1205 1711 1278 1778 ΤΟ.
1337 1704 2078 1779 NtN.cTe‹1›nNH‹l›oPON.oleati

538 1809 662 1874 ΕΞΗΟ.
684 1808 767 1875 AIC.
782 1815 937 1895 pontifex
953 1819 1130 1877 continuus
1148 1818 1278 1875 iterum.
1335 1809 1537 1876 lePelaN.
1562 1806 1998 1875 THC.MAccaA1A0.
2034 1805 2079 1864 tte·

537 1901 633 1996 epod
663 1913 804 1977 sundem
820 1910 853 1995 b)
884 1911 1033 1979 ΙΕΡΕΑ.
1056 1912 1170 1976 ΔΙΟΟ.
1195 1910 1279 1977 otc.
1335 1927 1449 1998 pertus
1468 1932 1588 1996 nempe
1604 1913 1658 1974 liic
1675 1912 1768 1996 iupis
1785 1912 1968 1974 Phocaeae
1983 1905 2073 1976 lecim

535 2017 739 2079 sacerdotem
764 2016 852 2078 Iovis
872 2018 1002 2080 iterum.
1047 2015 1125 2075 Fuit
1144 2027 1281 2097 ergoet
1335 2015 1422 2078 unde
1450 2013 1672 2078 Massilienses
1702 2012 1871 2090 Galliae,
1907 2025 2075 2094 tanquams

536 2116 685 2200 pontifex
704 2113 908 2198 magistratus
931 2136 1127 2200 epooymua,
1150 2115 1191 2178 de
1214 2135 1280 2196 quo
1335 2117 1514 2200 metropoli
1538 2136 1614 2190 aua,
1646 2133 1829 2180 sacrorum
1853 2113 2023 2178 antistitem
2041 2107 2072 2167 ie

537 2231 658 2301 agetur·
675 2237 716 2280 ex
737 2217 883 2280 instituto
903 2217 937 2280 in
958 2230 1097 2282 tractatu
1117 2215 1159 2280 de
1180 2217 1280 2302 magi·
1335 2219 1455 2282 minam
1478 2215 1650 2301 petebant,
1673 2228 1711 2277 nt
1731 2215 1809 2278 dixi
1832 2215 1870 2276 in
1892 2213 1964 2297 ejus
1986 2207 2073 2296 populi

538 2317 639 2382 strat'u
658 2337 831 2402 euonymo.
1335 2320 1452 2383 numia.
1520 2318 1684 2401 Insignem
1737 2317 1848 2380 aliam
1892 2317 1975 2380 sistit
2012 2309 2070 2391 lapis

894 2481 917 2521 4
1335 2419 1513 2486 Chandleri
1538 2419 1587 2498 s),
1609 2436 1755 2501 nempe:
1794 2414 2009 2480 ΙΟΤΛΙΑΝ.
2031 2410 2072 2470 Tl-

790 2527 813 2568 θ
999 2531 1024 2568 ὓ
1336 2519 1441 2585 Tot.
1463 2514 1696 2585 ΘΤΓΑΤΡΑ.
1711 2515 2005 2582 ΒΕΡΕΝΙΚΗΝ.

603 2618 782 2697 ῘΕΡΕῘΑ,
812 2621 966 2682 sacerdos
985 2621 1129 2704 florina.
1173 2623 1281 2686 Femi-
1336 2615 1699 2684 ΙΕΡΕΣΑΜΕΝΗΝ.
1741 2617 1866 2712 ἸζΗΣ.
1905 2603 2067 2682 armat.
2109 2655 2110 2721 1

536 2743 593 2785 naa
615 2721 713 2784 etiam
740 2721 915 2805 antiquitus
942 2721 1030 2784 inter
1050 2723 1154 2787 cultas
1175 2745 1280 2818 aeque
1338 2715 1629 2786 ΛΡΤΕΜΙΛΟΣ.
1671 2720 1804 2786 Iuliam
1834 2721 1909 2785 Ts'ts‘
1930 2721 1966 2782 F.
1990 2717 2065 2778 Bere·

537 2843 574 2886 ac
604 2823 756 2886 barbaras
785 2823 933 2885 nationes
966 2845 1132 2888 sacrorum
1168 2845 1280 2890 curam
1337 2828 1459 2900 niceo,
1499 2815 1703 2888 sacerdotem
1744 2825 1910 2886 dominae
1949 2823 2067 2884 Ditmtt·

539 2925 699 3008 gessisse,
722 2945 777 2988 res
799 2939 849 2987 est
869 2925 904 2986 in
926 2927 1041 3012 volgus
1062 2931 1150 2992 nota.
1194 2928 1279 2993 Saus
1338 2925 1503 2989 Trallibus
1527 2923 1650 3008 Lydiae
1674 2922 1777 2988 fuisse
1808 2923 2011 2989 sacerdotem
2032 2914 2065 2974 fr

538 3027 634 3110 Plato
670 3027 757 3090 inter
788 3025 850 3089 tria
880 3029 1124 3111 magistratuum
1157 3049 1281 3112 genera
1337 3029 1478 3106 minam,
1506 3047 1589 3111 quae
1611 3026 1750 3091 salutans
1771 3027 1977 3092 Antoninum
1997 3019 2065 3104 pium

536 3143 689 3194 recenset
711 3133 805 3212 issaar
824 3151 859 3190 τι
876 3151 925 3189 sue
946 3132 1072 3208 isesias,
1093 3135 1282 3195 secerdotes
1338 3131 1443 3196 adhue
1472 3129 1632 3212 privatum
1652 3150 1719 3193 uon
1742 3131 1817 3196 siue
1850 3129 1960 3194 omine
1984 3119 2062 3186 dixit:

539 3255 646 3297 mores
680 3253 721 3295 uc
738 3227 895 3313 semim
917 3231 957 3312 ⁰).
1009 3233 1114 3296 Sexus
1146 3233 1281 3297 alterius
1337 3255 1398 3296 coc
1418 3237 1622 3313 imperator,
1647 3253 1709 3317 pro
1731 3253 1793 3296 coe
1810 3227 2008 3317 proconsul,
2024 3237 2062 3284 rt·

540 3333 729 3401 sacerdotes
756 3353 798 3397 ex
826 3332 933 3396 numia
954 3332 1031 3396 dedi
1064 3335 1099 3395 ia
1130 3335 1280 3420 catalogo
1336 3336 1410 3398 iert-
1425 3331 1631 3418 Capitolinus
1655 3334 1690 3398 in
1717 3335 1782 3402 vita
1808 3333 1883 3420 ejus
1912 3333 2061 3416 imperate

539 3461 637 3525 sopra
659 3435 809 3508 adducto·
852 3435 978 3518 Maiore
1000 3454 1055 3500 aaa
1070 3445 1223 3500 ¹numero
1247 3435 1280 3500 in
1337 3437 1383 3502 ris
1397 3433 1441 3518 ἲ).

535 4547 2044 4588 Μ

573 4663 605 4732 a)
625 4659 706 4718 ilisa.
725 4661 836 4737 P·³⁶9·
916 4657 951 4731 b)
970 4662 1120 4738 pag-356.
1204 4659 1619 4742 e)delag.1..Vl.n.759.
1703 4669 1739 4744 d)
1758 4672 1841 4732 mae,
1861 4677 1964 4748 ωας.
1982 4659 2052 4714 ete

537 4750 567 4819 s)
587 4748 675 4808 iuscr.
696 4761 753 4806 aut.
771 4760 859 4825 μοι.
878 4765 908 4804 n.
924 4759 950 4810 ὁ.
1024 4750 1058 4824 s)
1078 4748 1133 4806 sub
1149 4748 1211 4806 init.
