4338 5554
479 532 552 616 aaa
623 445 636 470 .
1118 510 1325 602 carta
1356 477 1384 582 ι’.
1434 596 1439 604 ,
1480 593 1485 602 ,
1524 586 1551 602 ,,

480 695 698 784 spanhemius
713 693 756 778 ·).
799 691 1022 787 Quaestores,
1053 685 1122 764 sive
1151 703 1226 766 pro·
1282 678 1453 744 Ciceronis
1476 675 1559 744 locis
1575 667 1739 748 Vera-inae
1759 677 1786 743 1.
1815 695 1886 760 cap.
1909 675 1966 751 15,
2003 688 2046 738 et
2165 699 2166 708 κ

480 812 674 886 quaestores
695 815 761 858 non
778 814 853 868 raro
874 781 1072 870 familiarum
1078 786 1226 874 plenariis
1281 781 1324 848 db
1342 782 1475 866 probet.
1500 781 1576 878 Plan
1592 797 1776 863 negavero,
1794 777 1952 842 suffectos
1971 777 2043 840 hoa

479 902 657 982 inscriptas
685 895 844 979 reperias.
890 895 965 959 Sic:
986 893 1026 954 L.
1048 890 1162 953 raet.
1184 888 1224 952 L.
1284 896 1473 966 quaestores
1507 881 1612 946 dictos
1640 880 1765 956 luisse,
1798 893 1852 942 ant
1882 879 2038 960 potuisse

479 1005 519 1070 F.
538 1002 649 1065 HISP.
666 997 708 1088 Q.
726 995 815 1087 etQ.
832 991 1058 1082 ratthtrl.
1075 991 1112 1051 P.
1127 990 1166 1052 F.
1184 985 1226 1078 Q
1241 999 1244 1004 ·
1284 981 1353 1046 dici
1365 997 1637 1067 proquaestores,
1660 995 1692 1044 at
1711 981 1797 1043 enim
1814 981 1897 1044 hane
1919 979 2042 1064 appel-

481 1119 622 1186 uterque
648 1111 801 1184 quaestor
826 1094 864 1160 C.
889 1094 989 1156 Annii
1011 1089 1228 1176 proconsulis.
1283 1083 1437 1165 lationem
1460 1084 1494 1145 in
1511 1083 1642 1168 duplice
1662 1096 1783 1145 tantum
1801 1083 1864 1144 hoc
1880 1101 1955 1144 casu
1982 1103 2040 1144 ra·

481 1208 521 1274 L.
548 1202 701 1266 MANLI.
727 1195 987 1288 PROQuaestor
1013 1195 1053 1256 L.
1083 1188 1229 1255 Cornelii
1284 1182 1406 1258 luisse,
1447 1186 1540 1248 nullo
1564 1196 1659 1268 pacto
1686 1183 1865 1248 verisimile
1890 1183 2035 1262 ridetur,

480 1305 615 1378 Sullae,
633 1297 798 1374 VARRO.
818 1293 952 1388 PROQ.
976 1307 1010 1356 et
1032 1295 1098 1358 CN.
1118 1289 1229 1354 PISO.
1284 1285 1349 1348 nisi
1363 1297 1507 1350 statuere
1523 1287 1624 1362 velia,
1648 1305 1763 1348 omnes
1778 1286 1859 1362 laos,
1880 1284 1937 1369 qni
1955 1285 2037 1347 cita·

339 1455 345 1472 ,
483 1402 621 1497 PROQ.
644 1414 678 1464 et
698 1401 735 1461 P.
757 1397 908 1461 MINAT.
931 1395 1070 1458 SABIN.
1091 1389 1228 1482 PllOQ.
1285 1384 1328 1448 tis
1343 1384 1443 1448 modo
1461 1385 1604 1452 denariis
1620 1385 1769 1468 inscripti
1784 1399 1877 1463 sunt,
1898 1399 1953 1448 ant
1976 1385 2036 1470 qui

482 1515 739 1592 proquaestores
766 1497 918 1581 Pompeii
941 1499 987 1562 Μ.
1018 1497 1058 1560 L.
1092 1493 1243 1562 SES'l'l.¹
1284 1483 1363 1553 alibi
1391 1484 1477 1570 apud
1504 1501 1656 1553 auctores
1684 1487 1861 1572 leguntur,
1891 1507 2035 1571 quornm

481 1603 619 1696 PROQ.
640 1604 685 1664 M.
706 1599 810 1661 Bruti.
852 1600 904 1661 De
922 1597 974 1659 his
992 1597 1098 1682 agitur
1115 1595 1151 1656 in
1170 1613 1230 1656 nu·
1284 1589 1473 1670 complures
1496 1588 1633 1672 collegit
1651 1587 1869 1671 spanhemius
1883 1584 1936 1670 lt),
1964 1609 2037 1652 non

483 1708 544 1775 mia
562 1703 769 1770 familiarum.
1284 1686 1388 1752 fuisse
1410 1707 1471 1771 pro
1492 1701 1665 1772 quaestore
1682 1709 1724 1752 ex
1747 1688 1831 1752 urhe
1851 1691 1885 1752 in
1901 1689 2037 1773 proriu-

548 1809 587 1869 ln
602 1789 714 1867 ‘numia
735 1799 904 1867 commatis
920 1794 1092 1882 peregrini
1107 1811 1231 1860 memo.-
1284 1789 1368 1853 eiam
1385 1789 1524 1866 missos,
1545 1787 1603 1852 sed
1621 1789 1678 1854 vel
1698 1805 1873 1874 quaestore
1889 1805 2035 1870 mortun,

482 1923 596 1980 rantur
613 1915 803 1988 quaestores
816 1900 966 1964 Romani.
1284 1889 1341 1956 ael
1363 1909 1405 1954 ex
1423 1888 1593 1974 provincia
1616 1909 1753 1974 egresso
1774 1891 1916 1956 vicariae
1934 1911 2037 1976 qnae.

546 2009 613 2072 CN.
638 2005 740 2073 lVLl.
770 2003 811 2065 1..
832 2003 872 2066 F.
895 1999 1088 2093 Quaestor,
1114 1992 1149 2054 in
1170 2011 1229 2055 nu·
1285 2001 1395 2053 sturae
1416 1988 1615 2072 praelectus.
1658 1991 1858 2056 Alterutrius
1879 2013 1956 2058 asne
1976 2014 2037 2058 na·
2165 2001 2166 2008 ’

482 2111 545 2175 mis
563 2105 736 2174 Cordubae
752 2102 916 2167 Baeticae.
1284 2101 1379 2154 turae
1398 2109 1466 2152 non
1488 2091 1551 2154 luit
1565 2092 1725 2156 Lentulus
1740 2091 1915 2177 Spinther,
1934 2115 2036 2180 quem
2165 2115 2166 2144 t

545 2213 610 2293 llll.
632 2206 760 2272 ACILI.
779 2203 945 2298 Quaestor
962 2199 996 2261 in
1013 2193 1120 2298 nqmis
1140 2191 1229 2258 cole·
1284 2191 1319 2254 in
1340 2192 1450 2254 Asiam
1467 2207 1704 2276 proquaestore
1722 2208 1939 2278 propraetore
1958 2197 2037 2260 mia-

482 2314 556 2378 niae
571 2308 738 2374 Panormi.
1286 2313 1356 2356 sum
1388 2312 1465 2355 mox
1496 2293 1581 2357 infra
1604 2293 1761 2360 dicemus.
1806 2295 1862 2359 Ait
1889 2299 2038 2382 Spaulae·

545 2413 586 2476 L.
602 2411 671 2472 ΔΡ.
691 2404 790 2468 DEC.
813 2400 982 2495 Quaestor
1001 2399 1035 2460 in
1052 2397 1159 2462 numia
1168 2397 1231 2468 Vr·
1286 2393 1371 2455 mins
1386 2395 1435 2474 e),
1453 2407 1489 2456 ut
1505 2395 1706 2477 quaestoria,
1728 2394 1773 2458 ita
1789 2403 2036 2481 proquaestoria

484 2512 572 2580 sonis
595 2525 628 2574 et
643 2506 786 2572 Mundae
804 2501 958 2565 Baeticae
975 2499 1116 2562 urbium.
1287 2513 1468 2558 occurrere
1483 2493 1568 2577 apud
1580 2509 1713 2560 vetares
1729 2509 1881 2562 auctores
1895 2501 2036 2564 mantio-

551 2607 778 2676 AESlLLAS.
800 2603 968 2698 Quaestor
979 2602 1014 2664 in
1030 2595 1234 2665 tetradracls-
1285 2603 1373 2658 stem.
1403 2593 1494 2658 lst'ud
1509 2596 1565 2681 pol
1581 2596 1797 2677 sciveramus,
1815 2619 1948 2678 verum,
1964 2601 2037 2668 tae·

483 2717 545 2779 mia
561 2714 789 2778 Macedonum.
1286 2697 1373 2776 ritne
1393 2695 1527 2781 aliquod
1544 2700 1632 2767 inter
1651 2712 1827 2784 utrumque
1845 2701 2034 2783 discmmen,

542 2797 1229 2896 ratoT.TAM101r.vet:TaM1o'r.
1287 2797 1400 2862 dicere
1427 2798 1584 2882 neglexit.
1628 2799 1792 2879 Credam,
1825 2819 2035 2888 quaestorem
2165 2825 2166 2876 t

482 2914 513 2980 Γ
513 2911 638 2980 ΑΙΟΤ.
653 2897 937 2974 ΠΟΠΛΙΛΙΟΤ.
955 2908 1008 2970 vel
1025 2898 1229 2968 TAMlOT.
1287 2914 1322 2966 et
1350 2912 1620 2986 proquaestorem
1644 2902 1691 2966 sic
1718 2903 1857 2987 perinde
1879 2905 2034 2984 habiturn,
2165 2947 2166 2966 .

482 3000 1039 3088 Ae'rtttor.‹1›0AtttNNtoT.
1063 3005 1098 3070 in
1120 3002 1230 3066 aeneia
1287 3012 1330 3068 nt'
1355 3021 1453 3085 saepe
1484 3014 1671 3085 praetorem
1707 3017 1742 3068 et
1773 3021 2033 3090 propraetorem.
2165 3045 2166 3052 .

483 3114 722 3188 Macedonum,
744 3129 827 3193 quos
845 3107 933 3171 ride.
1286 3103 1538 3189 Proqaaeatoris
1580 3103 1756 3188 appellatio
1789 3109 1850 3170 sub
1878 3111 2033 3194 August,
2165 3113 2166 3122 .

464 3269 466 3278 .
548 3209 773 3279 nomme.
801 3201 999 3272 Powltoc.
1028 3201 1229 3273 TAMtAc.
1287 3204 1360 3270 iere
1388 3203 1494 3272 desiit.
1539 3203 1625 3270 Sane
1654 3207 1786 3271 unicum
1814 3209 1885 3290 ejus
1907 3226 2034 3278 carrum
2165 3261 2166 3268 ἶ

484 3322 518 3383 5³
541 3314 741 3399 Οἵΐθῦθῑῦἷθ·
827 3381 831 3396 .
1288 3306 1476 3390 exemplum
1491 3306 1603 3390 reperi
1616 3307 1651 3368 in
1664 3311 1899 3398 marmoribus,
1917 3327 1950 3375 et
1966 3316 2034 3400 qui.
2165 3305 2166 3336 ³

547 3419 593 3480 Ei
613 3435 696 3499 ergo
715 3410 805 3477 numi
825 3429 940 3474 omues
956 3407 1074 3491 partim
1093 3427 1233 3472 comma·
1290 3407 1366 3472 dem
1385 3411 1418 3470 in
1436 3407 1621 3493 cenotaphii
1632 3408 1743 3471 Pisani
1759 3412 1844 3475 linet
1869 3411 2033 3480 CORAH.
2165 3411 2166 3470 ἶ

486 3523 529 3587 tis
542 3517 704 3592 Romani,
734 3513 851 3597 partim
876 3511 1067 3594 peregrini,
1097 3525 1131 3572 et
1153 3523 1234 3572 tem·
1289 3507 1737 3605 PROQVAESTORIBVS.
1781 3514 1896 3578 Semel
1938 3519 2033 3582 etiam
2165 3471 2166 3524 i

485 3643 568 3709 pore
582 3621 666 3702 reip.
681 3616 815 3700 signati,
838 3613 1059 3695 magistratum
1076 3609 1232 3688 offerunt,
1289 3630 1397 3694 neque
1434 3610 1583 3694 saepius,
1614 3628 1886 3700 proquaestorem
1908 3617 2033 3684 Graece
2165 3629 2166 3648 ¹

485 3723 609 3786 dictum
628 3731 853 3798 quaestorem,
881 3715 934 3777 vel
952 3725 1232 3794 proquaestorem.
1289 3714 1455 3778 redditum
1474 3713 1662 3796 Asrsrapssas
1685 3716 1720 3776 in
1743 3718 1958 3783 marmoribus
1979 3721 2033 3786 ab.

484 3822 644 3888 Fueritne
663 3829 818 3898 quaestor
837 3812 945 3910 idem,
967 3813 1054 3896 quod
1074 3833 1235 3895 proquae-
1289 3814 1439 3892 servari,
1472 3834 1592 3896 nempe
1632 3816 1666 3876 in
1699 3837 1863 3884 marmore
1893 3823 2034 3890 Murato·

485 3939 574 4001 star,
595 3935 651 3986 sat
671 3915 803 4000 aliquod
821 3913 908 3978 inter
924 3929 1098 3998 utrumque
1121 3910 1235 3976 discri-
1289 3910 2033 3998 riid):FAlON.OTEPI'lA10N.I'A10T.

360 4092 364 4110 Ι
487 4045 586 4100 men,
618 4018 770 4105 equidem
794 4018 923 4100 ignoro.
967 4012 1156 4079 Secundum
1180 4016 1235 4081 Pi·
1289 4013 1416 4082 ΤΙΟΝ.
1438 4011 1638 4082 ΒΑΛΒΟΝ.
1662 4017 1986 4092 ΑΝΤΙΤΑΜΙΑΝ.

487 4129 605 4191 tiscnm
624 4124 671 4205 (in
691 4119 788 4182 lexic.
805 4117 866 4180 sub
883 4118 1150 4203 Ρνοᾳιιαωιονσ.)
1171 4117 1234 4182 fuit
1353 4121 1492 4182 Restant
1517 4109 1716 4200 Quaestores
1733 4142 1795 4204 pro
1824 4127 1980 4202 consule,
2002 4139 2035 4190 et

486 4231 710 4312 Proquaestor
733 4219 780 4297 ia,
808 4218 864 4304 qui
880 4231 1052 4303 quaestore
1072 4233 1126 4294 aut
1149 4240 1236 4300 mor·
1289 4237 1534 4305 propraetore.
1577 4218 1757 4305 Vtriusque
1772 4223 1912 4310 simplex
1928 4249 2036 4292 exana-

487 4346 567 4406 suo,
604 4337 659 4392 aut
691 4320 733 4387 da
760 4320 929 4406 provincia
955 4318 1138 4384 decedente
1166 4343 1236 4383 mu·
1292 4321 1434 4408 plumin
1453 4321 1560 4386 nnmis
1580 4323 1733 4406 reperior
1858 4365 1864 4370 -

488 4432 563 4498 nari
592 4425 780 4514 quaestoria
809 4421 1069 4506 praeficiebatur.
1107 4424 1234 4491 Verum
1354 4425 1400 4488 Μ.
1419 4413 1615 4492 ΒΙΒΑΝΥὸ.
1632 4423 1736 4493 AVG.
1754 4425 1796 4522 Q.
1816 4427 1921 4498 PRO.
1942 4427 2034 4496 COS.

488 4531 624 4610 nescio,
656 4548 696 4592 an
725 4523 812 4590 istud
842 4524 917 4588 satia
947 4544 989 4587 ex
1017 4522 1120 4588 citatis
1149 4523 1234 4588 binis
1292 4525 1327 4588 in
1344 4524 1479 4591 denario
1497 4529 1541 4591 ll.
1558 4525 1702 4594 Antonii.

430 4661 435 4670 ’
481 4663 2037 4700 ’,ῃ-...Ἣ

470 4795 473 4805 ,
525 4741 554 4816 a)
573 4741 607 4798 T.
623 4736 661 4796 11.
680 4733 786 4813 prot.
860 4730 896 4805 b>
916 4727 1003 4790 111.
1022 4749 1053 4806 p·
1074 4733 1135 4796 166·
1209 4730 1329 4806 c)l.c.
1403 4731 1439 4807 d>
1457 4753 1488 4810 p.
1508 4747 1587 4797 tert.
1606 4743 1635 4798 4.
