4468 5568
516 603 588 668 aro
916 649 919 656 ,
1128 507 1331 652 carru
1369 565 1460 640 ω,
1550 565 1555 573 ’

516 779 550 818 aa
569 753 664 818 facile
683 762 818 836 possunt
835 743 1003 830 expediri,
1027 741 1073 804 sic
1090 739 1195 803 miuus
1212 737 1259 804 fa·
1315 759 1449 825 pressus
1484 737 1659 806 accusandi
1693 760 1787 804 casus
1823 739 1958 805 tlnbinnt
1994 759 2068 806 mo·

381 881 384 886 ·
515 858 579 918 oile
598 867 649 917 est
667 851 858 926 adfirmare,
880 847 957 933 quid
980 843 1029 907 sid
1046 843 1145 919 illnd,
1170 841 1257 926 quod
1316 845 1381 920 vit,
1403 857 1514 906 utrum
1532 841 1658 906 dicatur
1677 843 1847 908 restitutos
1865 865 2001 920 numus,
2022 865 2066 908 an

397 977 403 1000 ··
515 961 549 1018 in
562 955 728 1017 bisnumis
741 952 921 1026 ἁνατεθηηιι
936 947 1065 1011 dicitur.
1083 944 1256 1026 Legimuss
1316 959 1582 1024 monumentum,
1604 944 1694 1031 quod
1714 965 1832 1026 numus
1856 945 1991 1028 objicit,
2012 966 2066 1012 xo·

516 1051 781 1118 ΠΟΛΕΜΩΝ.
821 1039 1053 1114 ᾹΝΕΘΗΚΕ.
1113 1040 1258 1108 CMTP·
1291 1049 1471 1118 ,stitutum

388 1217 397 1230 ,
514 1155 687 1218 NAIOIC.
712 1153 768 1217 sed
792 1151 893 1237 quid?
927 1151 1087 1213 Nimirum
1109 1165 1261 1211 accusau·
1328 1219 1331 1228 1
1382 1148 1455 1241 Qua
1477 1147 1520 1212 de
1540 1168 1579 1212 re
1606 1160 1641 1210 ut
1661 1160 1753 1210 recte
1781 1145 1921 1232 judicari
1950 1149 2062 1232 possit,

517 1260 550 1316 ‹ti
574 1277 666 1321 casus
694 1275 827 1337 semper
856 1251 1088 1336 supprimitur,
1126 1248 1262 1330 dempto
1317 1269 1453 1314 necesse
1475 1263 1546 1324 est,
1564 1249 1599 1310 in
1619 1248 1769 1316 vocabuli
1787 1247 1955 1334 asartapa
1973 1265 2063 1314 uatu-

514 1379 614 1422 uumo
648 1355 857 1432 Laodiceae,
890 1349 1123 1415 ATTAAOC.
1166 1345 1262 1410 ΕΠΙ-
1317 1371 1386 1413 ram
1412 1350 1554 1415 curatius
1579 1351 1759 1433 inquirere.
1804 1351 1944 1414 Omissis
1967 1353 2063 1417 variis

515 1455 694 1534 NltttoN.
724 1452 977 1530 brientina,
1008 1450 1066 1516 sed
1089 1450 1177 1514 etin
1200 1449 1260 1512 hac
1317 1450 1608 1536 significationibus
1637 1470 1711 1514 com
1741 1454 1884 1537 propriis
1911 1467 1981 1518 tunt
2005 1455 2062 1518 im·

517 1563 696 1648 epigraphe
714 1584 751 1624 το
770 1553 1022 1621 ΕΠΙΝΙΚΙΟΝ
1042 1552 1132 1618 varie
1152 1564 1260 1633 potest
1317 1555 1482 1638 propriis,
1504 1577 1582 1640 quas
1598 1555 1721 1619 dabunt
1741 1555 1985 1641 lexicographi,
2007 1577 2062 1621 ess

515 1664 636 1746 accipi,
658 1677 695 1726 ut
712 1659 851 1725 dicetur.
892 1656 967 1752 Quo
983 1655 1111 1718 incerto
1128 1653 1259 1730 factum,
1316 1669 1441 1720 tantum
1471 1657 1504 1720 iu
1535 1656 1679 1721 medium
1707 1656 1888 1734 adducam,
1919 1677 2000 1742 quas
2028 1660 2061 1722 in

514 1781 551 1828 ut
571 1763 773 1830 cruditorum
795 1762 891 1825 etiam
909 1757 1089 1821 sententiae
1107 1757 1141 1816 in
1165 1754 1260 1836 hujus
1317 1759 1533 1840 marmoribus
1554 1760 1685 1844 reperi,
1707 1773 1741 1822 et
1760 1779 1888 1822 canum
1910 1781 2062 1845 praesen.

515 1869 677 1931 formulae
695 1865 857 1949 explicatu
876 1858 1081 1923 dissiderent.
1109 1856 1262 1938 Fluctua·
1317 1875 1384 1924 tem
1403 1873 1558 1943 poterunt
1572 1861 1697 1944 juvare.
1742 1860 1933 1925 Generatim
1956 1883 1995 1927 es
2016 1863 2061 1926 di·

515 1993 553 2033 re
576 1970 745 2034 enimvero
769 1967 854 2031 visus
875 1962 1131 2036 Buousrrotius,
1154 1958 1261 2022 crudi·
1318 1963 1476 2046 cebautur
1489 1961 1709 2039 lassabatur,
1725 1981 1807 2048 qnae
1826 1963 1897 2030 sive
1910 1963 1976 2028 soti
1991 1983 2063 2028 con·

516 2088 568 2136 tus
590 2090 667 2134 asne
690 2090 726 2133 ac
752 2067 943 2153 perspicax,
966 2084 1050 2142 cum·
1067 2060 1107 2126 asi
1133 2063 1260 2126 citatam
1317 2085 1370 2142 ss,
1393 2061 1682 2133 sivorefsrentlse
1705 2063 1848 2150 gratius,
1871 2064 1941 2130 sire
1963 2065 2062 2148 pieta·

515 2196 615 2258 supra
630 2170 855 2254 Aureliopolis
877 2164 1079 2252 epigraphen
1096 2163 1266 2260 observat,
1316 2167 1358 2231 tis
1378 2166 1534 2252 suspendi
1553 2165 1588 2228 iu
1608 2165 1740 2249 templis
1756 2179 1812 2230 aut
1833 2165 1992 2230 collocari
2012 2187 2062 2232 so·

514 2272 749 2358 Apolloniden
765 2269 929 2344 erexisse,
944 2266 998 2334 vel
1011 2266 1262 2330 donassehnre·
1317 2267 1447 2348 lebant,
1468 2281 1505 2332 ut
1527 2269 1636 2353 signs,
1657 2266 1824 2352 tripodes,
1847 2288 1941 2346 arae,
1964 2289 2061 2346 arms,

514 2373 715 2459 liopolitanis
753 2370 894 2435 similem
929 2369 1068 2454 aliquam
1097 2367 1261 2451 Apollinis
1317 2384 1482 2450 crateres,
1499 2371 1748 2456 epigrammata,
1771 2382 1805 2431 et
1821 2367 1956 2446 cimilia,
1975 2371 2062 2456 quod

516 2491 669 2554 statuam,
693 2473 821 2558 qualem
840 2471 874 2532 in
891 2490 990 2534 nomo
1008 2490 1067 2534 suo
1088 2468 1184 2546 vidit,
1207 2469 1260 2533 vol
1316 2471 1441 2535 Latinis
1479 2471 1648 2537 dicebatur
1691 2469 1864 2540 BONVM.
1901 2471 2061 2550 DEDH',

516 2578 705 2643 ucdiiioesso
727 2573 885 2658 tempium
906 2571 1038 2655 aliquod
1059 2571 1093 2632 in
1116 2571 1186 2652 ejus
1205 2568 1260 2633 dei
1317 2576 1394 2639 vals
1417 2573 1591 2644 BONVM.
1612 2572 1789 2642 Posvl't.
1811 2573 2007 2660 plerumque
2025 2578 2061 2638 li.

515 2683 699 2755 honorem,
735 2677 790 2740 vel
816 2675 911 2740 iudos
937 2673 1145 2759 Apollinares
1172 2673 1261 2736 insti·
1316 2676 1397 2738 teris
1414 2679 1456 2742 l).
1469 2679 1512 2743 D.
1533 2696 1742 2762 expressum,
1760 2696 1858 2761 saepe
1876 2678 1973 2740 etiam
1988 2679 2062 2742 DE·

515 2785 616 2848 tuisse
643 2786 683 2862 ¹).
727 2780 812 2844 Sane
834 2780 868 2840 iu
893 2797 935 2842 eo
956 2775 1108 2862 plerique
1132 2776 1262 2860 acquie·
1315 2779 1509 2864 ntctvn‘.
1559 2779 1639 2862 Ejus
1672 2777 1803 2865 generis
1832 2777 1948 2855 inore,
1980 2799 2061 2866 qnae

514 2903 614 2960 vere,
642 2883 682 2948 ab
711 2903 771 2959 eo,
796 2881 851 2966 qui
874 2877 1029 2943 habeasne
1054 2877 1258 2961 perhibetur,
1314 2880 1349 2942 in
1364 2879 1484 2963 insigni
1497 2879 1785 2968 memoramus
1801 2881 1904 2945 edidit
1914 2881 2063 2946 Cbisbnl·

513 2987 654 3069 positum
674 2994 918 3048 mouumentum
939 2979 1071 3065 aliquod
1085 2981 1121 3044 ei
1142 2979 1259 3056 simile,
1315 2983 1379 3046 lius
1400 2981 1454 3064 d),
1485 2983 1645 3047 Seleucus
1671 3004 1732 3046 rex
1754 2981 1903 3066 Apollini
1930 2983 2061 3048 niteris

513 3091 605 3170 cujus
626 3087 801 3171 imaginem
824 3083 914 3146 nurui
934 3103 1049 3148 aversa
1069 3082 1163 3145 sistit.
1204 3082 1259 3146 Sic
1316 3083 1476 3148 obtulisse
1495 3084 1700 3170 perhibetur.
1730 3085 1867 3148 Frustra
1887 3089 2062 3150 eathlazo·

512 3189 701 3254 Hardninus
741 3187 906 3270 explicans
946 3203 1069 3249 voees:
1108 3176 1261 3246 ΕΠΙΝΙ-
1316 3187 1511 3271 chius„qui
1537 3183 1662 3264 larbam
1682 3198 1804 3250 tsntnm
1826 3186 1950 3252 dictum
1972 3202 2060 3274 pntst

513 3289 639 3356 KlON.
654 3286 905 3365 ΑΝΕΘΗΚΕ.,
920 3306 1005 3372 queo
1021 3297 1095 3348 snut
1111 3283 1144 3344 in
1159 3306 1259 3348 numo
1316 3289 1359 3354 sle
1375 3288 1490 3368 rebus,
1509 3309 1591 3375 quae
1605 3289 1682 3353 loco
1700 3289 1827 3353 moveri
1841 3302 1875 3354 et
1891 3291 2061 3354 transferri

512 3393 698 3458 Laodiceae
728 3407 805 3476 typo
834 3389 920 3455 loris
947 3389 1080 3467 stantis,
1109 3387 1174 3451 ait:
1204 3391 1261 3450 cul
1315 3406 1451 3478 possunt
1466 3393 1506 3476 ο).
1529 3393 1736 3456 Contrarium
1748 3390 1869 3456 docent
1882 3414 1947 3456 non
1962 3415 2063 3479 panos

512 3509 662 3559 statuam
692 3496 805 3577 posuit
838 3493 879 3554 ob
914 3493 1091 3553 victorium
1121 3493 1260 3571 impero·
1315 3507 1465 3562 vetorum
1489 3506 1708 3558 monuments.
1731 3493 1864 3558 Etenim
1883 3497 2064 3562 secundun

424 3675 429 3680 Ι
512 3603 581 3662 tori
603 3599 717 3659 datam
744 3592 906 3656 Claudius
927 3591 1073 3654 Attalus
1087 3585 1132 3670 b),
1176 3587 1259 3652 Aliis
1317 3616 1480 3674 marmor,
1512 3594 1602 3680 qnod
1635 3593 1720 3688 inira
1749 3596 1878 3674 citabo,
1905 3599 2062 3666 Sextilius

513 3699 634 3782 placuit
653 3715 766 3760 vocem
785 3690 1130 3768 eveshamensem
1153 3690 1260 3774 ips'utn
1313 3711 1446 3778 pontem
1467 3707 1600 3784 qspoeor
1622 3694 1770 3772 silebam.
1793 3699 1884 3762 Alibi
1896 3699 2061 3768 Xenocra·

514 3801 665 3874 referre,
703 3811 738 3858 nt
776 3796 878 3858 visum
916 3794 1086 3876 Segnino,
1126 3794 1181 3878 qui
1216 3793 1259 3856 ab
1316 3793 1911 3878 tesetEntnaridesOsset-Euterpe
1938 3827 1988 3863 ser
2019 3827 2058 3884 ep

511 3905 666 3983 Hippone
698 3899 731 3958 in
767 3899 924 3984 hpnoreut
952 3894 1084 3958 Antinoi
1117 3893 1257 3958 dicatum
1315 3903 1402 3962 nobas
1432 3923 1486 3977 aas
1515 3921 1617 3981 ”ellit
1644 3925 1693 3962 aar
1723 3923 1759 3966 ro
1783 3901 1912 3968 tronto»
1937 3928 1986 3966 aar
2009 3929 2061 3982 την

511 4031 528 4068 a
557 3994 786 4068 Chalcodoniis
825 3999 983 4060 numisma
1024 3997 1192 4062 contendit
1215 4000 1256 4081 ο).
1314 4025 1350 4070 aa
1371 3997 1481 4078 iimcc
1501 3999 1684 4092 lerapnqp
1705 4003 1874 4083 tustanus,
1905 4007 1976 4070 dcis
2005 4029 2060 4070 ore·

512 4109 563 4170 Ex
592 4123 657 4190 quo
687 4114 843 4188 apparet,
875 4099 983 4166 eidem
1012 4104 1258 4167 controversiae
1311 4109 1424 4188 gostis
1446 4117 1480 4168 st
1500 4107 1723 4187 milifortem
1737 4117 1783 4170 'et
1804 4107 1907 4187 juxto
1929 4109 2064 4172 domici·

511 4230 584 4274 esse
606 4206 778 4273 obnoxiam
800 4221 915 4266 vocem
935 4199 1178 4284 nNeotttte,
1206 4207 1259 4269 eui
1314 4209 1417 4282 lium,
1445 4219 1478 4270 et
1503 4209 1743 4286 aquaeductum
1768 4209 2002 4276 dedicaverunt
2019 4211 2060 4294 f).

512 4333 627 4379 vocem
658 4307 900 4378 ttssstltvtt'
937 4303 971 4368 iu
1002 4305 1127 4372 Leonis
1164 4309 1260 4372 resti·
1315 4309 1352 4370 in
1372 4307 1504 4372 Cebetis
1527 4308 1655 4372 tabulas
1678 4331 1714 4372 ro
1738 4313 1809 4392 lepor
1833 4333 1883 4372 sne
1908 4335 1962 4388 την
1985 4335 2062 4398 spen»

511 4418 672 4480 totiounm
702 4411 830 4488 onmis,
865 4429 939 4475 uam
966 4421 1005 4473 ct
1033 4409 1067 4471 iu
1104 4408 1157 4473 his
1184 4431 1259 4496 snp-
1313 4409 1513 4492 parasseque
1530 4433 1574 4494 τῳ
1586 4411 1706 4492 ligem,
1729 4413 1885 4494 templum
1905 4427 1939 4476 et
1953 4419 2061 4498 pictu-

427 4810 430 4818 ,
545 4751 576 4814 a)
597 4745 716 4805 Osserv.
737 4747 781 4802 ist.
801 4764 832 4821 p.
854 4752 913 4806 stt.
984 4743 1020 4816 b)
1041 4763 1113 4822 opp.
1128 4741 1192 4802 seii.
1212 4763 1242 4822 p.
1259 4755 1305 4818 92.
1367 4744 1401 4813 c)
1419 4743 1572 4802 natanael.
1590 4763 1623 4822 p.
1640 4763 1679 4804 us.
1697 4755 1759 4809 154.
1826 4745 1861 4818 d)
1881 4747 1951 4808 Aut.
1968 4747 2059 4807 Arist.

507 4839 601 4913 pop.
675 4837 705 4904 a)
726 4835 754 4892 iu
770 4833 814 4892 tit.
830 4833 936 4912 Camp.
954 4833 1056 4912 aruph.
1075 4853 1104 4912 p.
1118 4835 1163 4900 at.
1237 4831 1272 4906 t')
1294 4830 1511 4913 SponVogsge
1529 4835 1566 4896 Τ.
1582 4833 1635 4898 111.
1654 4846 1731 4914 pert
1748 4833 1789 4900 11.
1807 4853 1838 4914 p·
1853 4847 1896 4902 to.
