4338 5554
578 567 654 640 uu
685 563 1211 644 MAGtSTRAvas.
1591 588 1658 664 ιιι)

116 733 174 796 ιίιιι
204 751 247 796 ex
277 735 494 800 mouumenti·
521 747 647 800 eertum
677 748 738 801 art.
783 732 859 827 Quo
916 749 1107 820 praetor-ea,
1142 737 1442 820 imponentem,
1481 737 1543 819 jam
1572 735 1658 800 aedi·

115 835 254 910 suetum,
276 847 312 900 ut
332 835 396 918 jam
418 837 533 920 hujua,
561 839 626 922 jam
647 835 781 900 alterius
804 857 860 920 ge·
915 837 990 908 lau,
1024 839 1087 920 jam
1124 839 1243 902 llriuoa
1282 841 1463 901 monetator
1502 839 1657 914 videmus,

115 937 205 1000 uaria
236 937 440 1022 magistratu·
475 937 581 1002 numia
612 937 885 1032 iuaoribereturp
915 951 1013 1022 prout
1033 939 1084 1002 hia
1105 939 1211 1004 illiare
1233 939 1418 1003 mandatum
1439 938 1656 1022 riguaudiar*

115 1037 187 1102 aive
202 1037 236 1101 iu
252 1039 333 1102 urbe
354 1060 498 1103 aummua
523 1052 631 1116 earet,
652 1037 722 1101 aire
738 1057 859 1122 epony·
914 1041 1006 1124 genti
1027 1059 1120 1124 opua.

114 1159 209 1218 mua,
238 1139 309 1205 atre
336 1155 498 1204 neutrum.
546 1140 598 1201 Ex
623 1137 773 1216 duobus,
803 1137 858 1203 vel
972 1143 1012 1204 11.
1035 1141 1133 1233 Quod
1147 1141 1234 1204 idem
1247 1141 1444 1226 Agrippiana
1460 1143 1524 1226 jam
1538 1140 1655 1222 sariba,

113 1240 326 1320 tribuariria,
350 1262 431 1328 quoa
448 1243 642 1326 pierumque
659 1241 859 1304 tetradraoh·
914 1241 978 1326 jam
1001 1257 1135 1326 praetor
1160 1242 1302 1321 dieitur,
1332 1242 1450 1306 suetum
1473 1243 1560 1307 sorte
1582 1263 1658 1327 pro·

114 1346 176 1406 ania
197 1343 313 1405 atrici·
341 1344 515 1428 inscripto·
543 1341 711 1420 videmur,
748 1341 858 1404 nultus
914 1357 1048 1427 pterea,
1081 1343 1169 1428 quod
1204 1344 1232 1404 ia
1262 1343 1402 1426 primum
1437 1344 1564 1408 aoribae
1589 1365 1659 1406 uo·

114 1445 198 1508 haud
226 1443 325 1508 dubie
354 1445 442 1522 tuiz,
480 1443 537 1528 qui
565 1461 691 1505 summo
721 1444 858 1506 Athenio
914 1463 997 1506 nere
1018 1443 1173 1520 furetur,
1202 1443 1235 1504 in
1267 1445 1427 1526 praetoria
1452 1445 1588 1509 subinde
1611 1445 1658 1507 di·

113 1547 299 1630 mapietratu
329 1545 459 1608 suuotua
490 1555 588 1608 earet.
634 1543 794 1611 Videmus
825 1543 859 1604 in
915 1545 1072 1628 gnitatem
1108 1545 1276 1610 aueoeaait.
1319 1545 1491 1609 Existimat
1519 1545 1659 1610 Pelleri·

113 1647 242 1723 numia,
278 1645 454 1728 praecipue
477 1643 655 1725 Smyrnae,
686 1657 719 1707 et
741 1643 861 1706 Laodi·
914 1645 988 1708 niue
1010 1647 1060 1727 ⁸),
1096 1643 1230 1708 absente
1261 1646 1316 1710 vel
1341 1660 1470 1709 mortuo
1503 1662 1657 1730 praetore

114 1767 193 1812 oeae
222 1746 409 1828 Phrygiae,
446 1745 554 1806 notari
589 1742 693 1806 omnia
726 1745 859 1828 generis
914 1747 1010 1829 huju·
1037 1745 1241 1830 magiatratur
1268 1746 1338 1828 jura
1359 1748 1490 1810 iuterim
1517 1749 1550 1809 in
1580 1749 1659 1811 aori-

115 1849 321 1932 magiatratua
343 1860 406 1909 tam
425 1865 555 1921 noros,
576 1865 671 1930 quam
693 1844 857 1928 prosuuoa.
914 1847 989 1912 bam
1017 1847 1118 1910 suiaae
1149 1847 1311 1910 tranalata.
1353 1849 1398 1910 Δι
1425 1869 1490 1912 uon
1518 1848 1660 1915 advertit

113 1951 230 2034 Neque
252 1967 334 2013 vero
356 1947 454 2010 atium
475 1943 654 2029 praefixum
670 1943 753 2008 EIII
775 1967 860 2008 aem·
914 1951 966 2014 vir
993 1948 1162 2024 eruditur,
1183 1963 1226 2036 ‘et
1253 1961 1438 2030 praetorem
1461 1964 1496 2014 at
1516 1949 1658 2014 aoribam

112 2073 175 2134 per
196 2050 418 2134 magistratum
439 2067 637 2130 eponpmum
658 2061 768 2125 notat,
798 2047 858 2110 aed
914 2050 980 2114 diei
1002 2053 1035 2111 in
1056 2049 1162 2110 numia
1179 2049 1415 2132 Agrippinum,
1437 2066 1471 2116 et
1493 2052 1579 2115 haud
1602 2053 1659 2116 du·

112 2173 212 2237 aaepe
241 2164 383 2226 tautum,
406 2149 469 2212 hoo
492 2149 560 2212 aire
582 2149 759 2224 archonte,
788 2149 857 2212 aive
914 2151 967 2214 bie
988 2171 1062 2213 erae
1085 2171 1183 2211 unum
1205 2152 1425 2233 eundemque.

113 2268 281 2338 stratego,
308 2251 378 2314 aire
407 2249 538 2326 acribo,
568 2251 638 2314 aive
672 2263 857 2334 quaestore,
977 2255 1032 2314 111.
1070 2250 1176 2346 Quam
1205 2251 1269 2314 hoo
1299 2252 1375 2316 loeo
1396 2255 1658 2338 proposuerim·

112 2357 180 2421 aive
202 2351 377 2440 pontifice,
403 2352 474 2415 rive
490 2352 645 2415 Ariaroha
667 2367 729 2416 eto.
753 2353 858 2435 rigua·
914 2354 1086 2431 cultatem,
1111 2353 1294 2436 quicunque
1319 2355 1428 2428 rotet,
1455 2355 1658 2422 enodandam

112 2473 163 2522 toa
183 2477 319 2532 uumoa,
349 2467 447 2539 prout
476 2473 595 2537 nempe
624 2453 699 2518 huic
723 2456 775 2518 vet
806 2453 856 2516 itti
913 2455 1076 2538 relinquo.

112 2559 340 2623 demandatum
385 2555 447 2618 tuit
491 2554 662 2618 {oriundae
705 2570 856 2619 monetae
976 2557 1031 2622 tv.
1070 2555 1169 2648 Quod
1197 2555 1261 2620 hoo
1296 2556 1373 2620 loco
1399 2554 1655 2637 observavimua,

112 2659 302 2742 negotium,
338 2669 394 2720 aut
422 2657 494 2740 quia
524 2676 596 2720 eam
626 2676 685 2719 ruo
722 2657 855 2733 arbitrio
912 2655 1002 2719 aliud
1027 2676 1091 2719 nou
1116 2656 1251 2741 probat,
1274 2678 1369 2742 quam
1393 2679 1522 2724 morem
1548 2660 1658 2724 eivita-

112 2759 295 2828 teriundam
317 2757 458 2834 curarit,
488 2756 606 2820 eodem
628 2757 724 2839 plane
746 2757 855 2834 ruodo,
912 2771 1005 2836 tum,
1037 2778 1119 2844 quae
1141 2758 1365 2840 magistratum
1389 2753 1464 2825 ho'o'
1478 2761 1580 2830 illore
1600 2782 1657 2842 no·

113 2883 178 2948 quo
208 2857 383 2943 iuaoriptoa
409 2856 516 2920 numia
542 2857 764 2922 consularibus
792 2859 856 2944 jam
914 2861 1002 2926 mine
1025 2859 1088 2923 eibi
1103 2879 1256 2943 praeeaae
1275 2860 1424 2928 voluere.

833 3288 864 3378 p.
890 3292 946 3356 ιιι.

619 3481 713 3554 ΒΕ
773 3481 1141 3558 EPHORtS.

107 3727 282 3836 Iltuatram
313 3769 400 3834 huno
422 3769 655 3854 Spartanorum
686 3769 852 3856 magistra·
911 3765 1018 3833 Nor.
1039 3783 1103 3834 eto.
1141 3769 1304 3852 ephorum
1329 3765 1446 3835 ridere
1473 3769 1536 3835 athi
1567 3771 1655 3840 riam

107 3889 176 3938 tum
195 3873 309 3936 unicus
329 3893 445 3935 numus
463 3885 633 3938 memorat.
910 3885 960 3934 est
981 3869 1194 3950 Vaitlautiua,
1223 3870 1282 3934 aed
1303 3891 1400 3958 quam
1421 3873 1630 3938 lectionem'
1620 3895 1656 3938 ru

161 3975 240 4038 Aa,
256 3967 426 4038 E‹1›01’0.
444 3971 759 4038 TlMAPuacToc.
780 3975 854 4038 Clu·
909 3973 1015 4036 numia
1038 3974 1132 4054 hujua
1151 3972 1272 4038 urbia
1261 3993 1296 4036 ιιι
1314 3971 1447 4038 dubium
1465 3979 1590 4042 vocavi.

108 4099 151 4141 vu
168 4075 324 4140 Herculis
349 4095 424 4136 cum
443 4067 601 4142 *cadurca
638 4075 698 4140 Eat
721 4090 856 4140 autono-

107 4200 180 4240 mua
196 4196 319 4241 aeueua
334 4147 591 4242 Lacedaemonia
612 4176 698 4262 apud
713 4177 855 4253 Pallori·
1168 4225 1188 4261 ,
1271 4178 1292 4214 ⁴
1376 4225 1396 4264 ,

107 4285 198 4345 ιιίιιιιι
212 4275 257 4360 ¹²).

170 4383 209 4445 Iu
244 4399 344 4442 numo
369 4380 541 4464 Poppaeae
579 4380 665 4464 apud
692 4380 855 4464 Ancyram
974 4381 1105 4460 Fuere,
1145 4380 1233 4464 quod
1265 4383 1352 4455 iuter
1376 4399 1503 4447 omuea
1519 4398 1654 4462 eourut,

108 4481 271 4566 Phrygiae
298 4482 368 4565 rign
391 4495 424 4546 to
454 4503 528 4546 oum
552 4476 758 4567 epigraphe:
795 4482 856 4547 TI.
912 4481 1030 4586 ephori
1052 4467 1284 4566 collegiumv.
1305 4484 1448 4549 virorum
1466 4488 1577 4571 regiae
1600 4507 1655 4571 po-

108 4505 397 4648 ΒΑΣΣΙΛΑΟῙῑ.
451 4577 534 4650 ΕΦ.
585 4580 858 4648 ΑῙΤΗΣΑΜΕ·
912 4587 1033 4666 tentiae
1065 4586 1269 4668 oppositum,
1303 4601 1338 4651 et
1366 4590 1484 4666 annui,
1516 4609 1656 4674 quorum

144 4793 264 4866 a>ue1
287 4795 327 4854 11
346 4811 414 4871 pag
432 4805 477 4858 re
552 4791 779 4882 a)Suppt,1v
799 4813 830 4868 r·
847 4799 891 4866 ta·
