<?xml version="1.0" encoding="UTF-8"?>
<!DOCTYPE html PUBLIC "-//W3C//DTD XHTML 1.0 Transitional//EN"
    "http://www.w3.org/TR/xhtml1/DTD/xhtml1-transitional.dtd">
<html xmlns="http://www.w3.org/1999/xhtml" xml:lang="en" lang="en">
 <head>
  <title>
</title>
<meta http-equiv="Content-Type" content="text/html;charset=utf-8" />
  <meta name='ocr-system' content='tesseract 3.04.00' />
  <meta name='ocr-capabilities' content='ocr_page ocr_carea ocr_par ocr_line ocrx_word'/>
</head>
<body>
  <div class='ocr_page' id='page_1' title='image "./doctrinanvmorvm05grangoog/doctrinanvmorvm05grangoog_0214.png"; bbox 0 0 4338 5554; ppageno 0'>
   <div class='ocr_carea' id='block_1_1' title="bbox 576 533 1662 652">
    <p class='ocr_par' dir='ltr' id='par_1_1' title="bbox 576 533 1662 652">
     <span class='ocr_line' id='line_1_1' title="bbox 576 533 1662 652; baseline 0.009 -13"><span class='ocrx_word' id='word_1_1' title='bbox 576 569 651 639; x_wconf 79' lang='lat' dir='ltr'>na</span> <span class='ocrx_word' id='word_1_2' title='bbox 682 566 1189 645; x_wconf 75' lang='lat' dir='ltr'>tractsrttarrevs.</span> <span class='ocrx_word' id='word_1_3' title='bbox 1542 533 1549 552; x_wconf 79' lang='lat'>&#39;</span> <span class='ocrx_word' id='word_1_4' title='bbox 1592 587 1662 652; x_wconf 77' lang='lat' dir='ltr'>eor</span> 
     </span>
    </p>
   </div>
   <div class='ocr_carea' id='block_1_2' title="bbox 111 729 1667 1032">
    <p class='ocr_par' dir='ltr' id='par_1_2' title="bbox 111 729 1667 1032">
     <span class='ocr_line' id='line_1_2' title="bbox 116 729 1666 820; baseline 0.003 -23"><span class='ocrx_word' id='word_1_5' title='bbox 116 735 247 800; x_wconf 82' lang='lat' dir='ltr'>hemina</span> <span class='ocrx_word' id='word_1_6' title='bbox 272 735 323 818; x_wconf 76' lang='lat'>²),</span> <span class='ocrx_word' id='word_1_7' title='bbox 361 747 394 798; x_wconf 89' lang='lat' dir='ltr'>st</span> <span class='ocrx_word' id='word_1_8' title='bbox 422 735 507 802; x_wconf 78' lang='lat' dir='ltr'>seria</span> <span class='ocrx_word' id='word_1_9' title='bbox 537 747 708 820; x_wconf 71' lang='lat' dir='ltr'>potestate.</span> <span class='ocrx_word' id='word_1_10' title='bbox 752 734 862 800; x_wconf 80' lang='lat' dir='ltr'>sthoot</span> <span class='ocrx_word' id='word_1_11' title='bbox 919 729 1025 800; x_wconf 80' lang='grc' dir='ltr'><strong>ΤΟΤ.</strong></span> <span class='ocrx_word' id='word_1_12' title='bbox 1072 729 1508 798; x_wconf 80' lang='grc' dir='ltr'><strong>ΑΡΧΙΠΡΤΤΑΝΙΔΟΣ.</strong></span> <span class='ocrx_word' id='word_1_13' title='bbox 1554 735 1666 802; x_wconf 68' lang='lat' dir='ltr'>tmi-</span> 
     </span>
     <span class='ocr_line' id='line_1_3' title="bbox 111 829 1666 922; baseline 0.001 -22"><span class='ocrx_word' id='word_1_14' title='bbox 111 835 214 901; x_wconf 85' lang='lat' dir='ltr'>iuisss</span> <span class='ocrx_word' id='word_1_15' title='bbox 240 849 411 920; x_wconf 75' lang='lat' dir='ltr'>prytaneum</span> <span class='ocrx_word' id='word_1_16' title='bbox 439 857 598 901; x_wconf 77' lang='lat' dir='ltr'>summurn</span> <span class='ocrx_word' id='word_1_17' title='bbox 621 840 860 922; x_wconf 76' lang='lat' dir='ltr'>magistratum,</span> <span class='ocrx_word' id='word_1_18' title='bbox 918 831 1045 900; x_wconf 77' lang='grc' dir='ltr'><strong>ΣΙΟΤ.</strong></span> <span class='ocrx_word' id='word_1_19' title='bbox 1067 831 1170 897; x_wconf 84' lang='grc' dir='ltr'><strong>ΤΟΤ.</strong></span> <span class='ocrx_word' id='word_1_20' title='bbox 1193 829 1416 900; x_wconf 82' lang='grc' dir='ltr'><strong>ΚΤΗΣΙΟΤ.</strong></span> <span class='ocrx_word' id='word_1_21' title='bbox 1433 837 1527 903; x_wconf 74' lang='grc' dir='ltr'>ΚΑΙ.</span> <span class='ocrx_word' id='word_1_22' title='bbox 1545 834 1666 904; x_wconf 83' lang='grc' dir='ltr'><strong>ΤΩΝ.</strong></span> 
     </span>
     <span class='ocr_line' id='line_1_4' title="bbox 115 931 1667 1032; baseline 0 -32"><span class='ocrx_word' id='word_1_23' title='bbox 115 937 183 1000; x_wconf 76' lang='lat' dir='ltr'>tiri</span> <span class='ocrx_word' id='word_1_24' title='bbox 215 935 250 998; x_wconf 85' lang='lat' dir='ltr'>in</span> <span class='ocrx_word' id='word_1_25' title='bbox 278 937 350 1032; x_wconf 73' lang='lat' dir='ltr'>ejps</span> <span class='ocrx_word' id='word_1_26' title='bbox 379 953 528 1015; x_wconf 81' lang='lat' dir='ltr'>moneta,</span> <span class='ocrx_word' id='word_1_27' title='bbox 565 953 600 1003; x_wconf 82' lang='lat' dir='ltr'>et</span> <span class='ocrx_word' id='word_1_28' title='bbox 627 939 688 1002; x_wconf 81' lang='lat' dir='ltr'>luit</span> <span class='ocrx_word' id='word_1_29' title='bbox 717 953 860 1024; x_wconf 84' lang='lat' dir='ltr'>tempus,</span> <span class='ocrx_word' id='word_1_30' title='bbox 918 931 1304 1001; x_wconf 80' lang='grc' dir='ltr'><strong>ΣΤΝΑΡΧΟΝΤΩΝ.</strong></span> <span class='ocrx_word' id='word_1_31' title='bbox 1323 932 1495 1002; x_wconf 74' lang='grc' dir='ltr'><strong>ΑΤΤΟΤ.</strong></span> <span class='ocrx_word' id='word_1_32' title='bbox 1521 938 1667 1001; x_wconf 81' lang='lat' dir='ltr'>Curante</span> 
     </span>
    </p>
   </div>
   <div class='ocr_carea' id='block_1_3' title="bbox 111 1037 1739 4058">
    <p class='ocr_par' dir='ltr' id='par_1_3' title="bbox 111 1037 1667 1712">
     <span class='ocr_line' id='line_1_5' title="bbox 114 1037 1667 1125; baseline 0 -25"><span class='ocrx_word' id='word_1_33' title='bbox 114 1057 181 1124; x_wconf 84' lang='lat' dir='ltr'>quo</span> <span class='ocrx_word' id='word_1_34' title='bbox 201 1051 234 1101; x_wconf 81' lang='lat' dir='ltr'>et</span> <span class='ocrx_word' id='word_1_35' title='bbox 253 1039 401 1104; x_wconf 74' lang='lat' dir='ltr'>Corinthi</span> <span class='ocrx_word' id='word_1_36' title='bbox 422 1055 574 1125; x_wconf 82' lang='lat' dir='ltr'>prytanea</span> <span class='ocrx_word' id='word_1_37' title='bbox 596 1062 735 1104; x_wconf 86' lang='lat' dir='ltr'>aunuum</span> <span class='ocrx_word' id='word_1_38' title='bbox 760 1042 876 1124; x_wconf 69' lang='lat' dir='ltr'>impe.</span> <span class='ocrx_word' id='word_1_39' title='bbox 919 1039 1189 1120; x_wconf 77' lang='lat' dir='ltr'>archiprytanide</span> <span class='ocrx_word' id='word_1_40' title='bbox 1209 1037 1324 1100; x_wconf 66' lang='lat' dir='ltr'>ccasio</span> <span class='ocrx_word' id='word_1_41' title='bbox 1344 1039 1476 1100; x_wconf 81' lang='lat' dir='ltr'>Ctesias</span> <span class='ocrx_word' id='word_1_42' title='bbox 1492 1039 1529 1100; x_wconf 74' lang='lat' dir='ltr'>F.</span> <span class='ocrx_word' id='word_1_43' title='bbox 1547 1050 1582 1100; x_wconf 77' lang='lat' dir='ltr'>et</span> <span class='ocrx_word' id='word_1_44' title='bbox 1600 1041 1667 1100; x_wconf 82' lang='lat' dir='ltr'>col·</span> 
     </span>
     <span class='ocr_line' id='line_1_6' title="bbox 112 1135 1666 1224; baseline 0 -22"><span class='ocrx_word' id='word_1_45' title='bbox 112 1141 198 1202; x_wconf 87' lang='lat' dir='ltr'>rium</span> <span class='ocrx_word' id='word_1_46' title='bbox 228 1151 406 1206; x_wconf 78' lang='lat' dir='ltr'>tenuerunt</span> <span class='ocrx_word' id='word_1_47' title='bbox 429 1141 470 1224; x_wconf 54' lang='lat' dir='ltr'>a),</span> <span class='ocrx_word' id='word_1_48' title='bbox 512 1141 606 1206; x_wconf 81' lang='lat' dir='ltr'>&#39;l&#39;srsi</span> <span class='ocrx_word' id='word_1_49' title='bbox 628 1141 731 1206; x_wconf 84' lang='lat' dir='ltr'>luisse</span> <span class='ocrx_word' id='word_1_50' title='bbox 756 1161 862 1204; x_wconf 84' lang='lat' dir='ltr'>seme·</span> <span class='ocrx_word' id='word_1_51' title='bbox 918 1141 1003 1220; x_wconf 74' lang='lat' dir='ltr'>legis</span> <span class='ocrx_word' id='word_1_52' title='bbox 1019 1140 1098 1216; x_wconf 73' lang='lat' dir='ltr'>ejus.</span> <span class='ocrx_word' id='word_1_53' title='bbox 1122 1137 1394 1201; x_wconf 72' lang='lat' dir='ltr'>communicatam</span> <span class='ocrx_word' id='word_1_54' title='bbox 1412 1135 1508 1204; x_wconf 87' lang='lat' dir='ltr'>etiam</span> <span class='ocrx_word' id='word_1_55' title='bbox 1524 1158 1597 1201; x_wconf 84' lang='lat' dir='ltr'>eum</span> <span class='ocrx_word' id='word_1_56' title='bbox 1618 1137 1666 1202; x_wconf 84' lang='lat' dir='ltr'>le·</span> 
     </span>
     <span class='ocr_line' id='line_1_7' title="bbox 113 1239 1665 1326; baseline -0.001 -22"><span class='ocrx_word' id='word_1_57' title='bbox 113 1255 210 1322; x_wconf 87' lang='lat' dir='ltr'>stres,</span> <span class='ocrx_word' id='word_1_58' title='bbox 228 1243 326 1306; x_wconf 81' lang='lat' dir='ltr'>tradit</span> <span class='ocrx_word' id='word_1_59' title='bbox 337 1242 402 1305; x_wconf 86' lang='lat' dir='ltr'>Dio</span> <span class='ocrx_word' id='word_1_60' title='bbox 419 1243 668 1325; x_wconf 69' lang='lat' dir='ltr'>chrysostomus</span> <span class='ocrx_word' id='word_1_61' title='bbox 686 1248 726 1326; x_wconf 62' lang='grc' dir='ltr'>ο).</span> <span class='ocrx_word' id='word_1_62' title='bbox 751 1243 862 1306; x_wconf 80' lang='lat' dir='ltr'>Fuere</span> <span class='ocrx_word' id='word_1_63' title='bbox 918 1239 1013 1302; x_wconf 81' lang='lat' dir='ltr'>minis</span> <span class='ocrx_word' id='word_1_64' title='bbox 1030 1239 1111 1304; x_wconf 83' lang='lat' dir='ltr'>lraac</span> <span class='ocrx_word' id='word_1_65' title='bbox 1126 1239 1337 1322; x_wconf 78' lang='lat' dir='ltr'>dignitatem,</span> <span class='ocrx_word' id='word_1_66' title='bbox 1355 1239 1432 1316; x_wconf 85' lang='lat' dir='ltr'>sed,</span> <span class='ocrx_word' id='word_1_67' title='bbox 1450 1253 1485 1302; x_wconf 81' lang='lat' dir='ltr'>ut</span> <span class='ocrx_word' id='word_1_68' title='bbox 1502 1240 1665 1318; x_wconf 79' lang='lat' dir='ltr'>existimo,</span> 
     </span>
     <span class='ocr_line' id='line_1_8' title="bbox 111 1341 1664 1430; baseline 0.001 -24"><span class='ocrx_word' id='word_1_69' title='bbox 111 1358 146 1406; x_wconf 88' lang='lat' dir='ltr'>et</span> <span class='ocrx_word' id='word_1_70' title='bbox 169 1343 374 1428; x_wconf 72' lang='lat' dir='ltr'>magistratus</span> <span class='ocrx_word' id='word_1_71' title='bbox 396 1365 575 1428; x_wconf 84' lang='lat' dir='ltr'>epunymus</span> <span class='ocrx_word' id='word_1_72' title='bbox 596 1345 751 1430; x_wconf 81' lang='lat' dir='ltr'>Pergami</span> <span class='ocrx_word' id='word_1_73' title='bbox 776 1359 862 1409; x_wconf 87' lang='lat' dir='ltr'>teste</span> <span class='ocrx_word' id='word_1_74' title='bbox 918 1355 1040 1405; x_wconf 81' lang='lat' dir='ltr'>tantum</span> <span class='ocrx_word' id='word_1_75' title='bbox 1057 1362 1152 1405; x_wconf 87' lang='lat' dir='ltr'>causa</span> <span class='ocrx_word' id='word_1_76' title='bbox 1166 1361 1350 1416; x_wconf 86' lang='lat' dir='ltr'>sacrorum,</span> <span class='ocrx_word' id='word_1_77' title='bbox 1372 1361 1438 1402; x_wconf 89' lang='lat' dir='ltr'>non</span> <span class='ocrx_word' id='word_1_78' title='bbox 1452 1341 1664 1424; x_wconf 77' lang='lat' dir='ltr'>reipublicae,</span> 
     </span>
     <span class='ocr_line' id='line_1_9' title="bbox 117 1443 1665 1530; baseline 0.001 -24"><span class='ocrx_word' id='word_1_79' title='bbox 117 1464 282 1508; x_wconf 85' lang='lat' dir='ltr'>marmore</span> <span class='ocrx_word' id='word_1_80' title='bbox 310 1445 498 1530; x_wconf 70' lang='lat' dir='ltr'>oportit),</span> <span class='ocrx_word' id='word_1_81' title='bbox 527 1461 698 1520; x_wconf 72' lang='lat' dir='ltr'>narrante,</span> <span class='ocrx_word' id='word_1_82' title='bbox 724 1450 763 1509; x_wconf 83' lang='grc' dir='ltr'>Δ.</span> <span class='ocrx_word' id='word_1_83' title='bbox 788 1445 870 1508; x_wconf 87' lang='lat' dir='ltr'>Clo··</span> <span class='ocrx_word' id='word_1_84' title='bbox 919 1456 1068 1506; x_wconf 87' lang='lat' dir='ltr'>tenemus</span> <span class='ocrx_word' id='word_1_85' title='bbox 1097 1462 1138 1505; x_wconf 83' lang='lat' dir='ltr'>ex</span> <span class='ocrx_word' id='word_1_86' title='bbox 1170 1463 1334 1504; x_wconf 87' lang='lat' dir='ltr'>marmore</span> <span class='ocrx_word' id='word_1_87' title='bbox 1356 1443 1527 1506; x_wconf 77' lang='lat' dir='ltr'>Phocaeae</span> <span class='ocrx_word' id='word_1_88' title='bbox 1554 1447 1665 1507; x_wconf 86' lang='lat' dir='ltr'>Ioniae</span> 
     </span>
     <span class='ocr_line' id='line_1_10' title="bbox 115 1539 1666 1626; baseline -0.001 -18"><span class='ocrx_word' id='word_1_89' title='bbox 115 1547 205 1608; x_wconf 84' lang='lat' dir='ltr'>dium</span> <span class='ocrx_word' id='word_1_90' title='bbox 228 1543 276 1606; x_wconf 86' lang='lat' dir='ltr'>ihi</span> <span class='ocrx_word' id='word_1_91' title='bbox 300 1541 413 1610; x_wconf 84' lang='grc' dir='ltr'><strong>ΤΑΝ.</strong></span> <span class='ocrx_word' id='word_1_92' title='bbox 433 1541 730 1610; x_wconf 85' lang='grc' dir='ltr'><strong>ΕΠΩΝΤΜΟΝ.</strong></span> <span class='ocrx_word' id='word_1_93' title='bbox 753 1539 864 1608; x_wconf 75' lang='lat' dir='ltr'>nno,</span> <span class='ocrx_word' id='word_1_94' title='bbox 921 1557 1071 1626; x_wconf 81' lang='lat' dir='ltr'>reperto,</span> <span class='ocrx_word' id='word_1_95' title='bbox 1103 1541 1190 1626; x_wconf 85' lang='lat' dir='ltr'>quod</span> <span class='ocrx_word' id='word_1_96' title='bbox 1212 1543 1354 1604; x_wconf 79' lang='lat' dir='ltr'>Flauiam</span> <span class='ocrx_word' id='word_1_97' title='bbox 1383 1541 1540 1626; x_wconf 87' lang='lat' dir='ltr'>quandam</span> <span class='ocrx_word' id='word_1_98' title='bbox 1571 1560 1666 1611; x_wconf 81' lang='lat' dir='ltr'>vocat</span> 
     </span>
     <span class='ocr_line' id='line_1_11' title="bbox 113 1639 1666 1712; baseline 0.001 -4"><span class='ocrx_word' id='word_1_99' title='bbox 113 1639 388 1712; x_wconf 77' lang='grc' dir='ltr'><strong>ΒΑΣΙΛΕΩΝ.</strong></span> <span class='ocrx_word' id='word_1_100' title='bbox 424 1639 755 1711; x_wconf 81' lang='grc' dir='ltr'><strong>ΠΡΤΤΑΝΕΙΑΝ.</strong></span> <span class='ocrx_word' id='word_1_101' title='bbox 793 1644 864 1708; x_wconf 82' lang='grc' dir='ltr'>ΕΚ.</span> <span class='ocrx_word' id='word_1_102' title='bbox 921 1639 1175 1706; x_wconf 82' lang='lat' dir='ltr'>llPTTANlN</span> <span class='ocrx_word' id='word_1_103' title='bbox 1190 1643 1306 1706; x_wconf 80' lang='lat' dir='ltr'>additis</span> <span class='ocrx_word' id='word_1_104' title='bbox 1321 1643 1392 1705; x_wconf 82' lang='lat' dir='ltr'>aliis</span> <span class='ocrx_word' id='word_1_105' title='bbox 1409 1642 1490 1705; x_wconf 85' lang='lat' dir='ltr'>obiti</span> <span class='ocrx_word' id='word_1_106' title='bbox 1502 1644 1586 1708; x_wconf 83' lang='lat' dir='ltr'>sacri</span> <span class='ocrx_word' id='word_1_107' title='bbox 1601 1665 1666 1710; x_wconf 83' lang='lat' dir='ltr'>ma·</span> 
     </span>
    </p>

    <p class='ocr_par' dir='ltr' id='par_1_4' title="bbox 115 1735 1739 4058">
     <span class='ocr_line' id='line_1_12' title="bbox 115 1735 1739 1832; baseline 0 -24"><span class='ocrx_word' id='word_1_108' title='bbox 115 1735 318 1810; x_wconf 84' lang='grc' dir='ltr'><strong>ΓΕΝΕΟΣ.</strong></span> <span class='ocrx_word' id='word_1_109' title='bbox 342 1741 735 1823; x_wconf 75' lang='grc' dir='ltr'><strong>ΔΙΑΛΕΞΑΜΕΝΟΝ,</strong></span> <span class='ocrx_word' id='word_1_110' title='bbox 763 1747 867 1808; x_wconf 82' lang='lat' dir='ltr'>colla·</span> <span class='ocrx_word' id='word_1_111' title='bbox 923 1745 1074 1832; x_wconf 64' lang='lat' dir='ltr'>‘istratus</span> <span class='ocrx_word' id='word_1_112' title='bbox 1094 1743 1195 1806; x_wconf 86' lang='lat' dir='ltr'>titulis</span> <span class='ocrx_word' id='word_1_113' title='bbox 1218 1743 1257 1824; x_wconf 72' lang='grc' dir='ltr'>ἰ).</span> <span class='ocrx_word' id='word_1_114' title='bbox 1734 1771 1739 1776; x_wconf 96' lang='grc'><strong><em>·</em></strong></span> 
     </span>
     <span class='ocr_line' id='line_1_13' title="bbox 115 1842 1665 1929; baseline 0.003 -21"><span class='ocrx_word' id='word_1_115' title='bbox 115 1859 185 1908; x_wconf 81' lang='lat' dir='ltr'>torn</span> <span class='ocrx_word' id='word_1_116' title='bbox 211 1863 233 1906; x_wconf 82' lang='lat' dir='ltr'><em>a</em></span> <span class='ocrx_word' id='word_1_117' title='bbox 257 1845 391 1928; x_wconf 79' lang='lat' dir='ltr'>regibus</span> <span class='ocrx_word' id='word_1_118' title='bbox 416 1849 607 1926; x_wconf 76' lang='lat' dir='ltr'>ingentem</span> <span class='ocrx_word' id='word_1_119' title='bbox 630 1867 724 1910; x_wconf 83' lang='lat' dir='ltr'>suum</span> <span class='ocrx_word' id='word_1_120' title='bbox 746 1863 869 1929; x_wconf 79' lang='lat' dir='ltr'>epony·</span> <span class='ocrx_word' id='word_1_121' title='bbox 987 1845 1247 1909; x_wconf 66' lang='lat' dir='ltr'>sacrosacrae</span> <span class='ocrx_word' id='word_1_122' title='bbox 1272 1845 1368 1908; x_wconf 85' lang='lat' dir='ltr'>etiam</span> <span class='ocrx_word' id='word_1_123' title='bbox 1385 1842 1468 1926; x_wconf 84' lang='lat' dir='ltr'>reip.</span> <span class='ocrx_word' id='word_1_124' title='bbox 1484 1863 1595 1907; x_wconf 86' lang='lat' dir='ltr'>causas</span> <span class='ocrx_word' id='word_1_125' title='bbox 1612 1844 1665 1912; x_wconf 81' lang='lat' dir='ltr'>ati·</span> 
     </span>
     <span class='ocr_line' id='line_1_14' title="bbox 116 1941 1668 2040; baseline -0.001 -31"><span class='ocrx_word' id='word_1_126' title='bbox 116 1963 209 2018; x_wconf 78' lang='lat' dir='ltr'>mam</span> <span class='ocrx_word' id='word_1_127' title='bbox 222 1949 418 2028; x_wconf 79' lang='lat' dir='ltr'>prytaniom</span> <span class='ocrx_word' id='word_1_128' title='bbox 438 1949 593 2021; x_wconf 82' lang='lat' dir='ltr'>inivisse,·</span> <span class='ocrx_word' id='word_1_129' title='bbox 616 1948 692 2034; x_wconf 86' lang='lat' dir='ltr'>quin</span> <span class='ocrx_word' id='word_1_130' title='bbox 713 1962 746 2012; x_wconf 90' lang='lat' dir='ltr'>et</span> <span class='ocrx_word' id='word_1_131' title='bbox 765 1946 867 2009; x_wconf 84' lang='lat' dir='ltr'>fuisse</span> <span class='ocrx_word' id='word_1_132' title='bbox 922 1948 1196 2030; x_wconf 88' lang='lat' dir='ltr'>hihitiprytanes.</span> <span class='ocrx_word' id='word_1_133' title='bbox 1230 1947 1285 2008; x_wconf 87' lang='lat' dir='ltr'>Sic</span> <span class='ocrx_word' id='word_1_134' title='bbox 1301 1941 1497 2010; x_wconf 78' lang='lat' dir='ltr'>Aristoteles</span> <span class='ocrx_word' id='word_1_135' title='bbox 1514 1965 1590 2022; x_wconf 90' lang='lat' dir='ltr'>eos,</span> <span class='ocrx_word' id='word_1_136' title='bbox 1612 1945 1668 2040; x_wconf 83' lang='lat' dir='ltr'>qui</span> 
     </span>
     <span class='ocr_line' id='line_1_15' title="bbox 119 2045 1667 2132; baseline -0.001 -24"><span class='ocrx_word' id='word_1_137' title='bbox 119 2065 318 2130; x_wconf 85' lang='lat' dir='ltr'>sponymum</span> <span class='ocrx_word' id='word_1_138' title='bbox 345 2045 490 2130; x_wconf 79' lang='lat' dir='ltr'>Ephesi,</span> <span class='ocrx_word' id='word_1_139' title='bbox 518 2047 686 2132; x_wconf 78' lang='lat' dir='ltr'>colligitur</span> <span class='ocrx_word' id='word_1_140' title='bbox 712 2069 753 2111; x_wconf 84' lang='lat' dir='ltr'>ex</span> <span class='ocrx_word' id='word_1_141' title='bbox 778 2051 867 2110; x_wconf 84' lang='lat' dir='ltr'>lose·</span> <span class='ocrx_word' id='word_1_142' title='bbox 923 2049 963 2113; x_wconf 89' lang='lat' dir='ltr'>ah</span> <span class='ocrx_word' id='word_1_143' title='bbox 986 2049 1137 2112; x_wconf 82' lang='lat' dir='ltr'>universa</span> <span class='ocrx_word' id='word_1_144' title='bbox 1163 2049 1293 2110; x_wconf 80' lang='lat' dir='ltr'>civitate</span> <span class='ocrx_word' id='word_1_145' title='bbox 1319 2047 1479 2128; x_wconf 80' lang='lat' dir='ltr'>designati</span> <span class='ocrx_word' id='word_1_146' title='bbox 1505 2047 1601 2110; x_wconf 85' lang='lat' dir='ltr'>luere</span> <span class='ocrx_word' id='word_1_147' title='bbox 1625 2045 1667 2110; x_wconf 83' lang='lat' dir='ltr'>ad</span> 
     </span>
     <span class='ocr_line' id='line_1_16' title="bbox 118 2146 1668 2236; baseline 0.002 -28"><span class='ocrx_word' id='word_1_148' title='bbox 118 2146 303 2231; x_wconf 86' lang='lat' dir='ltr'>pito,sputl</span> <span class='ocrx_word' id='word_1_149' title='bbox 321 2167 416 2230; x_wconf 90' lang='lat' dir='ltr'>qoem</span> <span class='ocrx_word' id='word_1_150' title='bbox 436 2148 556 2230; x_wconf 83' lang='lat' dir='ltr'>legitor</span> <span class='ocrx_word' id='word_1_151' title='bbox 572 2149 740 2212; x_wconf 85' lang='lat' dir='ltr'>decretum</span> <span class='ocrx_word' id='word_1_152' title='bbox 757 2149 869 2232; x_wconf 88' lang='lat' dir='ltr'>Epho-</span> <span class='ocrx_word' id='word_1_153' title='bbox 923 2149 1110 2236; x_wconf 80' lang='lat' dir='ltr'>peragenda</span> <span class='ocrx_word' id='word_1_154' title='bbox 1133 2148 1290 2211; x_wconf 88' lang='lat' dir='ltr'>sacrilicia</span> <span class='ocrx_word' id='word_1_155' title='bbox 1314 2147 1461 2230; x_wconf 85' lang='lat' dir='ltr'>publica,</span> <span class='ocrx_word' id='word_1_156' title='bbox 1493 2147 1598 2211; x_wconf 85' lang='lat' dir='ltr'>dictos</span> <span class='ocrx_word' id='word_1_157' title='bbox 1622 2149 1668 2212; x_wconf 88' lang='lat' dir='ltr'>ait</span> 
     </span>
     <span class='ocr_line' id='line_1_17' title="bbox 118 2248 1667 2337; baseline 0.002 -27"><span class='ocrx_word' id='word_1_158' title='bbox 118 2251 260 2324; x_wconf 74' lang='lat' dir='ltr'>siceum,</span> <span class='ocrx_word' id='word_1_159' title='bbox 283 2248 371 2334; x_wconf 84' lang='lat' dir='ltr'>qood</span> <span class='ocrx_word' id='word_1_160' title='bbox 392 2249 521 2332; x_wconf 83' lang='lat' dir='ltr'>incipit:</span> <span class='ocrx_word' id='word_1_161' title='bbox 545 2249 867 2332; x_wconf 66' lang='grc' dir='ltr'>ΕπιπρυτανεωςΑς·</span> <span class='ocrx_word' id='word_1_162' title='bbox 923 2253 986 2337; x_wconf 85' lang='lat' dir='ltr'>jam</span> <span class='ocrx_word' id='word_1_163' title='bbox 1009 2251 1202 2327; x_wconf 84' lang='lat' dir='ltr'>archontes,</span> <span class='ocrx_word' id='word_1_164' title='bbox 1231 2249 1294 2332; x_wconf 77' lang='lat' dir='ltr'>jam</span> <span class='ocrx_word' id='word_1_165' title='bbox 1322 2269 1439 2332; x_wconf 81' lang='lat' dir='ltr'>reges,</span> <span class='ocrx_word' id='word_1_166' title='bbox 1471 2249 1534 2330; x_wconf 83' lang='lat' dir='ltr'>jam</span> <span class='ocrx_word' id='word_1_167' title='bbox 1562 2263 1667 2333; x_wconf 80' lang='lat' dir='ltr'>pryta-</span> 
     </span>
     <span class='ocr_line' id='line_1_18' title="bbox 119 2343 1667 2444; baseline 0.002 -33"><span class='ocrx_word' id='word_1_168' title='bbox 119 2367 267 2444; x_wconf 63' lang='lat' dir='ltr'>rrysupoy,</span> <span class='ocrx_word' id='word_1_169' title='bbox 291 2343 465 2425; x_wconf 74' lang='grc' dir='ltr'><strong><em>Ληναιωιος</em></strong></span> <span class='ocrx_word' id='word_1_170' title='bbox 482 2371 585 2434; x_wconf 62' lang='grc' dir='ltr'><em>πρωτῃ</em></span> <span class='ocrx_word' id='word_1_171' title='bbox 603 2353 649 2434; x_wconf 74' lang='lat'>⁰),</span> <span class='ocrx_word' id='word_1_172' title='bbox 674 2365 707 2414; x_wconf 89' lang='lat' dir='ltr'>et</span> <span class='ocrx_word' id='word_1_173' title='bbox 726 2371 767 2414; x_wconf 83' lang='lat' dir='ltr'>ex</span> <span class='ocrx_word' id='word_1_174' title='bbox 785 2370 868 2411; x_wconf 87' lang='lat' dir='ltr'>mar·</span> <span class='ocrx_word' id='word_1_175' title='bbox 923 2373 983 2416; x_wconf 86' lang='lat' dir='ltr'>aes</span> <span class='ocrx_word' id='word_1_176' title='bbox 1004 2351 1049 2434; x_wconf 75' lang='lat' dir='ltr'>k).</span> <span class='ocrx_word' id='word_1_177' title='bbox 1081 2351 1133 2412; x_wconf 76' lang='lat' dir='ltr'>Ad</span> <span class='ocrx_word' id='word_1_178' title='bbox 1158 2354 1238 2414; x_wconf 85' lang='lat' dir='ltr'>haec</span> <span class='ocrx_word' id='word_1_179' title='bbox 1261 2350 1539 2434; x_wconf 79' lang='lat' dir='ltr'>praesentiscere</span> <span class='ocrx_word' id='word_1_180' title='bbox 1560 2365 1667 2434; x_wconf 86' lang='lat' dir='ltr'>pryta-</span> 
     </span>
     <span class='ocr_line' id='line_1_19' title="bbox 120 2447 1668 2536; baseline -0.001 -22"><span class='ocrx_word' id='word_1_181' title='bbox 120 2469 214 2514; x_wconf 83' lang='lat' dir='ltr'>more</span> <span class='ocrx_word' id='word_1_182' title='bbox 245 2449 359 2534; x_wconf 86' lang='lat' dir='ltr'>Sponii</span> <span class='ocrx_word' id='word_1_183' title='bbox 385 2449 432 2532; x_wconf 63' lang='grc' dir='ltr'>ἲ),</span> <span class='ocrx_word' id='word_1_184' title='bbox 473 2451 561 2536; x_wconf 85' lang='lat' dir='ltr'>quod</span> <span class='ocrx_word' id='word_1_185' title='bbox 590 2453 722 2536; x_wconf 77' lang='lat' dir='ltr'>incipit:</span> <span class='ocrx_word' id='word_1_186' title='bbox 771 2447 869 2515; x_wconf 76' lang='lat' dir='ltr'>Em.</span> <span class='ocrx_word' id='word_1_187' title='bbox 923 2453 1007 2520; x_wconf 84' lang='lat' dir='ltr'>aeis.</span> <span class='ocrx_word' id='word_1_188' title='bbox 1038 2453 1141 2516; x_wconf 83' lang='lat' dir='ltr'>Erant</span> <span class='ocrx_word' id='word_1_189' title='bbox 1160 2473 1240 2516; x_wconf 80' lang='lat' dir='ltr'>vero</span> <span class='ocrx_word' id='word_1_190' title='bbox 1260 2465 1414 2536; x_wconf 87' lang='lat' dir='ltr'>prytanea</span> <span class='ocrx_word' id='word_1_191' title='bbox 1437 2453 1545 2515; x_wconf 86' lang='lat' dir='ltr'>curiae</span> <span class='ocrx_word' id='word_1_192' title='bbox 1563 2450 1668 2534; x_wconf 89' lang='lat' dir='ltr'>publi·</span> 
     </span>
     <span class='ocr_line' id='line_1_20' title="bbox 120 2547 1668 2640; baseline -0.003 -24"><span class='ocrx_word' id='word_1_193' title='bbox 120 2547 437 2620; x_wconf 68' lang='lat' dir='ltr'>nPTTANEnz.</span> <span class='ocrx_word' id='word_1_194' title='bbox 454 2549 707 2618; x_wconf 81' lang='grc' dir='ltr'><strong>ΚΛΑΤΔΙΟΤ.</strong></span> <span class='ocrx_word' id='word_1_195' title='bbox 722 2551 868 2615; x_wconf 80' lang='grc' dir='ltr'>ΤΙΤΙΑ-</span> <span class='ocrx_word' id='word_1_196' title='bbox 924 2577 998 2632; x_wconf 88' lang='lat' dir='ltr'>cae,</span> <span class='ocrx_word' id='word_1_197' title='bbox 1027 2569 1060 2618; x_wconf 90' lang='lat' dir='ltr'>et</span> <span class='ocrx_word' id='word_1_198' title='bbox 1084 2569 1232 2638; x_wconf 84' lang='lat' dir='ltr'>tanquam</span> <span class='ocrx_word' id='word_1_199' title='bbox 1253 2553 1342 2616; x_wconf 88' lang='lat' dir='ltr'>urbis</span> <span class='ocrx_word' id='word_1_200' title='bbox 1362 2554 1559 2640; x_wconf 73' lang='lat' dir='ltr'>penetralia,</span> <span class='ocrx_word' id='word_1_201' title='bbox 1586 2551 1668 2633; x_wconf 84' lang='lat' dir='ltr'>asyli</span> 
     </span>
     <span class='ocr_line' id='line_1_21' title="bbox 120 2651 1667 2742; baseline -0.001 -26"><span class='ocrx_word' id='word_1_202' title='bbox 120 2651 549 2738; x_wconf 69' lang='lat' dir='ltr'>Nor.a.e.n.suerirque</span> <span class='ocrx_word' id='word_1_203' title='bbox 569 2654 768 2717; x_wconf 85' lang='lat' dir='ltr'>hauddubie</span> <span class='ocrx_word' id='word_1_204' title='bbox 790 2675 867 2736; x_wconf 84' lang='lat' dir='ltr'>epo·</span> <span class='ocrx_word' id='word_1_205' title='bbox 922 2659 995 2742; x_wconf 81' lang='lat' dir='ltr'>jure</span> <span class='ocrx_word' id='word_1_206' title='bbox 1019 2657 1173 2730; x_wconf 81' lang='lat' dir='ltr'>donatae,</span> <span class='ocrx_word' id='word_1_207' title='bbox 1202 2669 1234 2719; x_wconf 88' lang='lat' dir='ltr'>et</span> <span class='ocrx_word' id='word_1_208' title='bbox 1255 2655 1289 2716; x_wconf 87' lang='lat' dir='ltr'>in</span> <span class='ocrx_word' id='word_1_209' title='bbox 1311 2655 1432 2722; x_wconf 82' lang='lat' dir='ltr'>Vestae</span> <span class='ocrx_word' id='word_1_210' title='bbox 1456 2653 1557 2717; x_wconf 87' lang='lat' dir='ltr'>tutela</span> <span class='ocrx_word' id='word_1_211' title='bbox 1578 2653 1667 2716; x_wconf 87' lang='lat' dir='ltr'>habi-</span> 
     </span>
     <span class='ocr_line' id='line_1_22' title="bbox 122 2753 1667 2842; baseline 0 -26"><span class='ocrx_word' id='word_1_212' title='bbox 122 2775 239 2836; x_wconf 81' lang='lat' dir='ltr'>nymoo</span> <span class='ocrx_word' id='word_1_213' title='bbox 277 2753 330 2816; x_wconf 83' lang='lat' dir='ltr'>hio</span> <span class='ocrx_word' id='word_1_214' title='bbox 365 2756 509 2838; x_wconf 72' lang='lat' dir='ltr'>prytanis</span> <span class='ocrx_word' id='word_1_215' title='bbox 539 2755 676 2840; x_wconf 82' lang='lat' dir='ltr'>reliquis</span> <span class='ocrx_word' id='word_1_216' title='bbox 708 2757 865 2840; x_wconf 79' lang='lat' dir='ltr'>dignitate</span> <span class='ocrx_word' id='word_1_217' title='bbox 922 2773 985 2822; x_wconf 88' lang='lat' dir='ltr'>tae.</span> <span class='ocrx_word' id='word_1_218' title='bbox 1024 2761 1124 2822; x_wconf 83' lang='lat' dir='ltr'>&#39;Peste</span> <span class='ocrx_word' id='word_1_219' title='bbox 1146 2758 1304 2842; x_wconf 88' lang='lat' dir='ltr'>Dionysio</span> <span class='ocrx_word' id='word_1_220' title='bbox 1325 2757 1431 2820; x_wconf 84' lang='lat' dir='ltr'>Halic.</span> <span class='ocrx_word' id='word_1_221' title='bbox 1456 2753 1481 2837; x_wconf 85' lang='lat'>¹)</span> <span class='ocrx_word' id='word_1_222' title='bbox 1509 2777 1591 2841; x_wconf 70' lang='lat' dir='ltr'>satyr</span> <span class='ocrx_word' id='word_1_223' title='bbox 1618 2773 1667 2816; x_wconf 80' lang='lat' dir='ltr'>ros</span> 
     </span>
     <span class='ocr_line' id='line_1_23' title="bbox 120 2849 1665 2944; baseline 0.001 -30"><span class='ocrx_word' id='word_1_224' title='bbox 120 2856 232 2938; x_wconf 75' lang='lat' dir='ltr'>prior3</span> <span class='ocrx_word' id='word_1_225' title='bbox 258 2867 383 2915; x_wconf 90' lang='lat' dir='ltr'>namet</span> <span class='ocrx_word' id='word_1_226' title='bbox 404 2875 518 2916; x_wconf 88' lang='lat' dir='ltr'>eorum</span> <span class='ocrx_word' id='word_1_227' title='bbox 539 2857 733 2939; x_wconf 85' lang='lat' dir='ltr'>pluresuna</span> <span class='ocrx_word' id='word_1_228' title='bbox 754 2857 866 2934; x_wconf 80' lang='lat' dir='ltr'>fuisse,</span> <span class='ocrx_word' id='word_1_229' title='bbox 923 2866 1073 2944; x_wconf 71' lang='grc' dir='ltr'>καλυμεηι</span> <span class='ocrx_word' id='word_1_230' title='bbox 1094 2881 1250 2938; x_wconf 64' lang='lat' dir='ltr'>ngurarum</span> <span class='ocrx_word' id='word_1_231' title='bbox 1274 2855 1342 2936; x_wconf 71' lang='grc' dir='ltr'>παρ’</span> <span class='ocrx_word' id='word_1_232' title='bbox 1363 2849 1465 2932; x_wconf 59' lang='lat' dir='ltr'>Pteron·</span> <span class='ocrx_word' id='word_1_233' title='bbox 1490 2855 1555 2933; x_wconf 74' lang='lat' dir='ltr'>ists</span> <span class='ocrx_word' id='word_1_234' title='bbox 1586 2861 1665 2936; x_wconf 64' lang='lat' dir='ltr'>lega,</span> 
     </span>
     <span class='ocr_line' id='line_1_24' title="bbox 122 2955 1668 3044; baseline 0.001 -30"><span class='ocrx_word' id='word_1_235' title='bbox 122 2955 221 3018; x_wconf 86' lang='lat' dir='ltr'>docet</span> <span class='ocrx_word' id='word_1_236' title='bbox 238 2973 381 3016; x_wconf 83' lang='lat' dir='ltr'>marmor</span> <span class='ocrx_word' id='word_1_237' title='bbox 400 2955 630 3037; x_wconf 77' lang='lat' dir='ltr'>Smyrnaeum,</span> <span class='ocrx_word' id='word_1_238' title='bbox 658 2957 746 3041; x_wconf 88' lang='lat' dir='ltr'>quod</span> <span class='ocrx_word' id='word_1_239' title='bbox 762 2960 869 3022; x_wconf 84' lang='lat' dir='ltr'>reler-</span> <span class='ocrx_word' id='word_1_240' title='bbox 923 2983 972 3021; x_wconf 74' lang='lat' dir='ltr'>aar</span> <span class='ocrx_word' id='word_1_241' title='bbox 991 2962 1184 3038; x_wconf 62' lang='lat' dir='ltr'>separaverat</span> <span class='ocrx_word' id='word_1_242' title='bbox 1200 2981 1272 3038; x_wconf 72' lang='grc' dir='ltr'>προς</span> <span class='ocrx_word' id='word_1_243' title='bbox 1290 2979 1349 3042; x_wconf 65' lang='grc' dir='ltr'>ιτων</span> <span class='ocrx_word' id='word_1_244' title='bbox 1369 2956 1497 3044; x_wconf 59' lang='lat' dir='ltr'>ipsave»</span> <span class='ocrx_word' id='word_1_245' title='bbox 1518 2979 1553 3019; x_wconf 82' lang='lat' dir='ltr'>re</span> <span class='ocrx_word' id='word_1_246' title='bbox 1577 2978 1668 3039; x_wconf 67' lang='lat' dir='ltr'>preyt-</span> 
     </span>
     <span class='ocr_line' id='line_1_25' title="bbox 122 3053 1670 3140; baseline -0.001 -20"><span class='ocrx_word' id='word_1_247' title='bbox 122 3071 176 3120; x_wconf 88' lang='lat' dir='ltr'>tur</span> <span class='ocrx_word' id='word_1_248' title='bbox 191 3055 277 3116; x_wconf 88' lang='lat' dir='ltr'>inter</span> <span class='ocrx_word' id='word_1_249' title='bbox 290 3053 491 3119; x_wconf 76' lang='lat' dir='ltr'>oxoniensis</span> <span class='ocrx_word' id='word_1_250' title='bbox 506 3079 593 3122; x_wconf 90' lang='lat' dir='ltr'>num.</span> <span class='ocrx_word' id='word_1_251' title='bbox 606 3059 728 3136; x_wconf 60' lang='lat' dir='ltr'>XXV„</span> <span class='ocrx_word' id='word_1_252' title='bbox 746 3073 778 3122; x_wconf 86' lang='lat' dir='ltr'>et</span> <span class='ocrx_word' id='word_1_253' title='bbox 796 3079 870 3140; x_wconf 87' lang='lat' dir='ltr'>per·</span> <span class='ocrx_word' id='word_1_254' title='bbox 926 3057 1018 3135; x_wconf 76' lang='grc' dir='ltr'>ςονέν</span> <span class='ocrx_word' id='word_1_255' title='bbox 1035 3082 1104 3133; x_wconf 74' lang='grc' dir='ltr'>ταις</span> <span class='ocrx_word' id='word_1_256' title='bbox 1120 3065 1230 3120; x_wconf 72' lang='lat' dir='ltr'>nehem</span> <span class='ocrx_word' id='word_1_257' title='bbox 1245 3081 1368 3138; x_wconf 76' lang='grc' dir='ltr'>κρατος,</span> <span class='ocrx_word' id='word_1_258' title='bbox 1384 3079 1468 3136; x_wconf 84' lang='lat' dir='ltr'>quas</span> <span class='ocrx_word' id='word_1_259' title='bbox 1488 3078 1562 3119; x_wconf 86' lang='lat' dir='ltr'>vero</span> <span class='ocrx_word' id='word_1_260' title='bbox 1579 3057 1670 3139; x_wconf 80' lang='lat' dir='ltr'>apud</span> 
     </span>
     <span class='ocr_line' id='line_1_26' title="bbox 123 3153 1668 3243; baseline 0 -25"><span class='ocrx_word' id='word_1_261' title='bbox 123 3156 215 3220; x_wconf 85' lang='lat' dir='ltr'>hibet</span> <span class='ocrx_word' id='word_1_262' title='bbox 229 3155 458 3218; x_wconf 82' lang='lat' dir='ltr'>Paternianum</span> <span class='ocrx_word' id='word_1_263' title='bbox 472 3153 872 3224; x_wconf 72' lang='lat' dir='ltr'>llPTTthNJlPss·</span> <span class='ocrx_word' id='word_1_264' title='bbox 925 3184 981 3224; x_wconf 80' lang='lat' dir='ltr'>eos</span> <span class='ocrx_word' id='word_1_265' title='bbox 999 3159 1175 3243; x_wconf 86' lang='lat' dir='ltr'>(Graecos)</span> <span class='ocrx_word' id='word_1_266' title='bbox 1196 3176 1356 3224; x_wconf 82' lang='lat' dir='ltr'>vocantur</span> <span class='ocrx_word' id='word_1_267' title='bbox 1369 3172 1551 3242; x_wconf 79' lang='lat' dir='ltr'>prytanea,</span> <span class='ocrx_word' id='word_1_268' title='bbox 1572 3177 1668 3220; x_wconf 78' lang='lat' dir='ltr'>sorra</span> 
     </span>
     <span class='ocr_line' id='line_1_27' title="bbox 124 3255 1668 3346; baseline 0.001 -29"><span class='ocrx_word' id='word_1_269' title='bbox 124 3255 229 3322; x_wconf 87' lang='lat' dir='ltr'><strong>TON.</strong></span> <span class='ocrx_word' id='word_1_270' title='bbox 250 3259 284 3318; x_wconf 91' lang='lat' dir='ltr'>lu</span> <span class='ocrx_word' id='word_1_271' title='bbox 301 3277 464 3321; x_wconf 89' lang='lat' dir='ltr'>marmore</span> <span class='ocrx_word' id='word_1_272' title='bbox 480 3259 605 3341; x_wconf 83' lang='lat' dir='ltr'>Cyzici,</span> <span class='ocrx_word' id='word_1_273' title='bbox 622 3261 709 3344; x_wconf 85' lang='lat' dir='ltr'>quod</span> <span class='ocrx_word' id='word_1_274' title='bbox 725 3265 869 3346; x_wconf 89' lang='lat' dir='ltr'>praecla-</span> <span class='ocrx_word' id='word_1_275' title='bbox 924 3275 1022 3340; x_wconf 82' lang='lat' dir='ltr'>suat,</span> <span class='ocrx_word' id='word_1_276' title='bbox 1049 3277 1083 3325; x_wconf 85' lang='lat' dir='ltr'>et</span> <span class='ocrx_word' id='word_1_277' title='bbox 1110 3283 1223 3323; x_wconf 83' lang='lat' dir='ltr'>eorum</span> <span class='ocrx_word' id='word_1_278' title='bbox 1245 3281 1327 3324; x_wconf 82' lang='lat' dir='ltr'>cura</span> <span class='ocrx_word' id='word_1_279' title='bbox 1359 3261 1406 3320; x_wconf 81' lang='lat' dir='ltr'>ud</span> <span class='ocrx_word' id='word_1_280' title='bbox 1431 3281 1487 3322; x_wconf 83' lang='lat' dir='ltr'>eos</span> <span class='ocrx_word' id='word_1_281' title='bbox 1507 3262 1668 3340; x_wconf 82' lang='lat' dir='ltr'>pertinet,</span> 
     </span>
     <span class='ocr_line' id='line_1_28' title="bbox 126 3357 1669 3446; baseline 0 -26"><span class='ocrx_word' id='word_1_282' title='bbox 126 3377 163 3420; x_wconf 88' lang='lat' dir='ltr'>re</span> <span class='ocrx_word' id='word_1_283' title='bbox 182 3357 322 3443; x_wconf 81' lang='lat' dir='ltr'>explieat</span> <span class='ocrx_word' id='word_1_284' title='bbox 337 3359 493 3444; x_wconf 84' lang='lat' dir='ltr'>Belleyus</span> <span class='ocrx_word' id='word_1_285' title='bbox 509 3363 540 3444; x_wconf 78' lang='lat' dir='ltr'>s)</span> <span class='ocrx_word' id='word_1_286' title='bbox 564 3362 706 3446; x_wconf 81' lang='lat' dir='ltr'>legitur:</span> <span class='ocrx_word' id='word_1_287' title='bbox 727 3359 870 3428; x_wconf 81' lang='lat' dir='ltr'>EllP&#39;l&#39;·</span> <span class='ocrx_word' id='word_1_288' title='bbox 926 3371 984 3446; x_wconf 78' lang='lat' dir='ltr'>qui</span> <span class='ocrx_word' id='word_1_289' title='bbox 1008 3367 1044 3426; x_wconf 79' lang='lat' dir='ltr'>iu</span> <span class='ocrx_word' id='word_1_290' title='bbox 1066 3363 1259 3425; x_wconf 79' lang='lat' dir='ltr'>civitatibus</span> <span class='ocrx_word' id='word_1_291' title='bbox 1283 3364 1464 3423; x_wconf 74' lang='lat' dir='ltr'>maximum</span> <span class='ocrx_word' id='word_1_292' title='bbox 1482 3360 1603 3420; x_wconf 75' lang='lat' dir='ltr'>liabent</span> <span class='ocrx_word' id='word_1_293' title='bbox 1621 3359 1669 3420; x_wconf 85' lang='lat' dir='ltr'>di·</span> 
     </span>
     <span class='ocr_line' id='line_1_29' title="bbox 126 3455 1668 3548; baseline 0 -29"><span class='ocrx_word' id='word_1_294' title='bbox 126 3455 402 3526; x_wconf 78' lang='grc' dir='ltr'><strong>ΤΑΝΕΤΣΑΝ.</strong></span> <span class='ocrx_word' id='word_1_295' title='bbox 445 3463 611 3546; x_wconf 82' lang='lat' dir='ltr'>Prytanss</span> <span class='ocrx_word' id='word_1_296' title='bbox 631 3465 797 3546; x_wconf 83' lang='lat' dir='ltr'>suerunt,</span> <span class='ocrx_word' id='word_1_297' title='bbox 834 3477 869 3528; x_wconf 89' lang='lat' dir='ltr'>et</span> <span class='ocrx_word' id='word_1_298' title='bbox 921 3468 1098 3548; x_wconf 82' lang='lat' dir='ltr'>gnitatem.</span> <span class='ocrx_word' id='word_1_299' title='bbox 1137 3462 1273 3526; x_wconf 74' lang='lat' dir='ltr'>athenia</span> <span class='ocrx_word' id='word_1_300' title='bbox 1300 3461 1332 3522; x_wconf 91' lang='lat' dir='ltr'>in</span> <span class='ocrx_word' id='word_1_301' title='bbox 1360 3474 1517 3545; x_wconf 86' lang='lat' dir='ltr'>prytaneo</span> <span class='ocrx_word' id='word_1_302' title='bbox 1544 3461 1668 3523; x_wconf 86' lang='lat' dir='ltr'>servari</span> 
     </span>
     <span class='ocr_line' id='line_1_30' title="bbox 123 3559 1669 3654; baseline 0 -32"><span class='ocrx_word' id='word_1_303' title='bbox 123 3559 272 3646; x_wconf 82' lang='lat' dir='ltr'>quidem,</span> <span class='ocrx_word' id='word_1_304' title='bbox 304 3563 391 3648; x_wconf 82' lang='lat' dir='ltr'>quod</span> <span class='ocrx_word' id='word_1_305' title='bbox 418 3584 458 3626; x_wconf 86' lang='lat' dir='ltr'>ex</span> <span class='ocrx_word' id='word_1_306' title='bbox 481 3566 693 3651; x_wconf 88' lang='lat' dir='ltr'>sequentihus</span> <span class='ocrx_word' id='word_1_307' title='bbox 719 3579 871 3651; x_wconf 86' lang='lat' dir='ltr'>apparet,</span> <span class='ocrx_word' id='word_1_308' title='bbox 927 3565 1058 3654; x_wconf 73' lang='lat' dir='ltr'>Soleniy</span> <span class='ocrx_word' id='word_1_309' title='bbox 1074 3565 1168 3650; x_wconf 79' lang='lat' dir='ltr'>leges</span> <span class='ocrx_word' id='word_1_310' title='bbox 1186 3561 1282 3627; x_wconf 82' lang='lat' dir='ltr'>trudit</span> <span class='ocrx_word' id='word_1_311' title='bbox 1297 3562 1469 3625; x_wconf 85' lang='lat' dir='ltr'>Pausanias</span> <span class='ocrx_word' id='word_1_312' title='bbox 1483 3563 1540 3640; x_wconf 84' lang='lat'>¹¹¹),</span> <span class='ocrx_word' id='word_1_313' title='bbox 1562 3574 1595 3622; x_wconf 89' lang='lat' dir='ltr'>et</span> <span class='ocrx_word' id='word_1_314' title='bbox 1612 3580 1669 3643; x_wconf 92' lang='lat' dir='ltr'>po·</span> 
     </span>
     <span class='ocr_line' id='line_1_31' title="bbox 124 3663 1670 3750; baseline 0 -26"><span class='ocrx_word' id='word_1_315' title='bbox 124 3663 282 3726; x_wconf 83' lang='lat' dir='ltr'>menstrui</span> <span class='ocrx_word' id='word_1_316' title='bbox 294 3665 474 3728; x_wconf 89' lang='lat' dir='ltr'>secundum</span> <span class='ocrx_word' id='word_1_317' title='bbox 492 3669 604 3744; x_wconf 86' lang='lat' dir='ltr'>tribus,</span> <span class='ocrx_word' id='word_1_318' title='bbox 620 3669 867 3732; x_wconf 77' lang='lat' dir='ltr'>Atheniensium</span> <span class='ocrx_word' id='word_1_319' title='bbox 926 3670 985 3731; x_wconf 89' lang='lat' dir='ltr'>sita</span> <span class='ocrx_word' id='word_1_320' title='bbox 1005 3667 1051 3728; x_wconf 84' lang='lat' dir='ltr'>ilii</span> <span class='ocrx_word' id='word_1_321' title='bbox 1070 3669 1161 3750; x_wconf 84' lang='lat' dir='ltr'>signa</span> <span class='ocrx_word' id='word_1_322' title='bbox 1178 3667 1298 3732; x_wconf 82' lang='lat' dir='ltr'>Vestae</span> <span class='ocrx_word' id='word_1_323' title='bbox 1318 3677 1352 3727; x_wconf 89' lang='lat' dir='ltr'>et</span> <span class='ocrx_word' id='word_1_324' title='bbox 1367 3663 1471 3728; x_wconf 88' lang='lat' dir='ltr'>Pacis.</span> <span class='ocrx_word' id='word_1_325' title='bbox 1503 3665 1539 3724; x_wconf 93' lang='lat' dir='ltr'>ln</span> <span class='ocrx_word' id='word_1_326' title='bbox 1564 3675 1670 3745; x_wconf 86' lang='lat' dir='ltr'>pryta-</span> 
     </span>
     <span class='ocr_line' id='line_1_32' title="bbox 123 3765 1671 3856; baseline -0.001 -30"><span class='ocrx_word' id='word_1_327' title='bbox 123 3765 243 3828; x_wconf 88' lang='lat' dir='ltr'>iterum</span> <span class='ocrx_word' id='word_1_328' title='bbox 262 3769 425 3852; x_wconf 82' lang='lat' dir='ltr'>exemplo.</span> <span class='ocrx_word' id='word_1_329' title='bbox 456 3771 585 3832; x_wconf 80' lang='lat' dir='ltr'>Eximio</span> <span class='ocrx_word' id='word_1_330' title='bbox 610 3789 689 3834; x_wconf 82' lang='lat' dir='ltr'>vero</span> <span class='ocrx_word' id='word_1_331' title='bbox 713 3770 776 3834; x_wconf 91' lang='lat' dir='ltr'>hoo</span> <span class='ocrx_word' id='word_1_332' title='bbox 797 3791 871 3856; x_wconf 87' lang='lat' dir='ltr'>pry·</span> <span class='ocrx_word' id='word_1_333' title='bbox 927 3770 998 3834; x_wconf 85' lang='lat' dir='ltr'>neis</span> <span class='ocrx_word' id='word_1_334' title='bbox 1016 3789 1145 3854; x_wconf 88' lang='lat' dir='ltr'>quoque</span> <span class='ocrx_word' id='word_1_335' title='bbox 1167 3770 1258 3832; x_wconf 84' lang='lat' dir='ltr'>datus</span> <span class='ocrx_word' id='word_1_336' title='bbox 1281 3767 1383 3831; x_wconf 83' lang='lat' dir='ltr'>victus</span> <span class='ocrx_word' id='word_1_337' title='bbox 1399 3784 1418 3827; x_wconf 86' lang='lat' dir='ltr'>e</span> <span class='ocrx_word' id='word_1_338' title='bbox 1435 3765 1566 3848; x_wconf 89' lang='lat' dir='ltr'>publico</span> <span class='ocrx_word' id='word_1_339' title='bbox 1583 3765 1671 3846; x_wconf 76' lang='lat' dir='ltr'>legu-</span> 
     </span>
     <span class='ocr_line' id='line_1_33' title="bbox 122 3865 1671 3962; baseline -0.001 -32"><span class='ocrx_word' id='word_1_340' title='bbox 122 3879 234 3930; x_wconf 87' lang='lat' dir='ltr'>tanum</span> <span class='ocrx_word' id='word_1_341' title='bbox 260 3867 438 3951; x_wconf 77' lang='lat' dir='ltr'>collegium</span> <span class='ocrx_word' id='word_1_342' title='bbox 464 3893 526 3962; x_wconf 71' lang='lat' dir='ltr'>una</span> <span class='ocrx_word' id='word_1_343' title='bbox 554 3893 627 3935; x_wconf 88' lang='lat' dir='ltr'>cum</span> <span class='ocrx_word' id='word_1_344' title='bbox 650 3893 764 3935; x_wconf 82' lang='lat' dir='ltr'>eorum</span> <span class='ocrx_word' id='word_1_345' title='bbox 785 3875 871 3956; x_wconf 83' lang='lat' dir='ltr'>ca&#39;pi·</span> <span class='ocrx_word' id='word_1_346' title='bbox 927 3872 1128 3948; x_wconf 65' lang='lat' dir='ltr'>lienteria,</span> <span class='ocrx_word' id='word_1_347' title='bbox 1154 3885 1207 3933; x_wconf 85' lang='lat' dir='ltr'>aut</span> <span class='ocrx_word' id='word_1_348' title='bbox 1226 3867 1252 3931; x_wconf 85' lang='lat' dir='ltr'>ai</span> <span class='ocrx_word' id='word_1_349' title='bbox 1271 3867 1441 3953; x_wconf 86' lang='lat' dir='ltr'>quisalius</span> <span class='ocrx_word' id='word_1_350' title='bbox 1460 3885 1554 3930; x_wconf 88' lang='lat' dir='ltr'>causa</span> <span class='ocrx_word' id='word_1_351' title='bbox 1574 3865 1671 3928; x_wconf 90' lang='lat' dir='ltr'>meri·</span> 
     </span>
     <span class='ocr_line' id='line_1_34' title="bbox 124 3965 1670 4058; baseline 0.001 -30"><span class='ocrx_word' id='word_1_352' title='bbox 124 3979 158 4030; x_wconf 87' lang='lat' dir='ltr'>te</span> <span class='ocrx_word' id='word_1_353' title='bbox 190 3965 403 4032; x_wconf 75' lang='lat' dir='ltr'>confirmatur</span> <span class='ocrx_word' id='word_1_354' title='bbox 436 3991 599 4038; x_wconf 87' lang='lat' dir='ltr'>marmore</span> <span class='ocrx_word' id='word_1_355' title='bbox 628 3973 761 4037; x_wconf 82' lang='lat' dir='ltr'>hlilesio</span> <span class='ocrx_word' id='word_1_356' title='bbox 785 3973 870 4058; x_wconf 85' lang='lat' dir='ltr'>apud</span> <span class='ocrx_word' id='word_1_357' title='bbox 929 3969 1401 4056; x_wconf 84' lang='lat' dir='ltr'>torumdignushabitusest,</span> <span class='ocrx_word' id='word_1_358' title='bbox 1427 3967 1482 4052; x_wconf 90' lang='lat' dir='ltr'>qui</span> <span class='ocrx_word' id='word_1_359' title='bbox 1503 3967 1670 4050; x_wconf 88' lang='lat' dir='ltr'>epoblico</span> 
     </span>
    </p>
   </div>
   <div class='ocr_carea' id='block_1_4' title="bbox 125 4067 1672 4156">
    <p class='ocr_par' dir='ltr' id='par_1_5' title="bbox 125 4067 1672 4156">
     <span class='ocr_line' id='line_1_35' title="bbox 125 4067 1672 4156; baseline 0.001 -26"><span class='ocrx_word' id='word_1_360' title='bbox 125 4067 344 4132; x_wconf 85' lang='lat' dir='ltr'>Chandlerum</span> <span class='ocrx_word' id='word_1_361' title='bbox 360 4070 415 4152; x_wconf 66' lang='grc' dir='ltr'>Ι’)τ</span> <span class='ocrx_word' id='word_1_362' title='bbox 436 4071 871 4142; x_wconf 81' lang='grc' dir='ltr'><strong>ΕΠΙΜΕΛΗΘΕΝΤΟΣ.</strong></span> <span class='ocrx_word' id='word_1_363' title='bbox 929 4091 1139 4151; x_wconf 76' lang='lat' dir='ltr'>vesceretur,</span> <span class='ocrx_word' id='word_1_364' title='bbox 1167 4087 1201 4138; x_wconf 88' lang='lat' dir='ltr'>ut</span> <span class='ocrx_word' id='word_1_365' title='bbox 1221 4071 1319 4136; x_wconf 86' lang='lat' dir='ltr'>trudit</span> <span class='ocrx_word' id='word_1_366' title='bbox 1338 4069 1458 4134; x_wconf 82' lang='lat' dir='ltr'>Pollux</span> <span class='ocrx_word' id='word_1_367' title='bbox 1478 4075 1532 4156; x_wconf 77' lang='lat'>¹³),</span> <span class='ocrx_word' id='word_1_368' title='bbox 1559 4082 1594 4133; x_wconf 90' lang='lat' dir='ltr'>et</span> <span class='ocrx_word' id='word_1_369' title='bbox 1617 4069 1672 4132; x_wconf 80' lang='lat' dir='ltr'>Li·</span> 
     </span>
    </p>
   </div>
   <div class='ocr_carea' id='block_1_5' title="bbox 42 4499 1674 4856">
    <p class='ocr_par' dir='ltr' id='par_1_6' title="bbox 42 4499 1674 4856">
     <span class='ocr_line' id='line_1_36' title="bbox 81 4499 1673 4584; baseline 0 -26"><span class='ocrx_word' id='word_1_370' title='bbox 81 4535 85 4540; x_wconf 94' lang='lat'>-</span> <span class='ocrx_word' id='word_1_371' title='bbox 163 4499 194 4570; x_wconf 81' lang='lat' dir='ltr'>a)</span> <span class='ocrx_word' id='word_1_372' title='bbox 214 4499 258 4554; x_wconf 85' lang='lat' dir='ltr'>De</span> <span class='ocrx_word' id='word_1_373' title='bbox 274 4511 385 4575; x_wconf 85' lang='lat' dir='ltr'>praest.</span> <span class='ocrx_word' id='word_1_374' title='bbox 399 4503 435 4558; x_wconf 90' lang='lat' dir='ltr'>T.</span> <span class='ocrx_word' id='word_1_375' title='bbox 448 4501 470 4560; x_wconf 91' lang='lat' dir='ltr'>l.</span> <span class='ocrx_word' id='word_1_376' title='bbox 487 4516 593 4579; x_wconf 76' lang='lat' dir='ltr'>prot.</span> <span class='ocrx_word' id='word_1_377' title='bbox 683 4506 719 4579; x_wconf 85' lang='lat' dir='ltr'>h)</span> <span class='ocrx_word' id='word_1_378' title='bbox 740 4507 865 4566; x_wconf 87' lang='lat' dir='ltr'>Pausan.</span> <span class='ocrx_word' id='word_1_379' title='bbox 880 4507 914 4564; x_wconf 77' lang='lat' dir='ltr'>L.</span> <span class='ocrx_word' id='word_1_380' title='bbox 927 4507 964 4565; x_wconf 93' lang='lat'>11.</span> <span class='ocrx_word' id='word_1_381' title='bbox 981 4519 1043 4571; x_wconf 71' lang='lat' dir='ltr'>nti.</span> <span class='ocrx_word' id='word_1_382' title='bbox 1135 4509 1167 4579; x_wconf 84' lang='lat' dir='ltr'>e)</span> <span class='ocrx_word' id='word_1_383' title='bbox 1189 4507 1270 4566; x_wconf 88' lang='lat' dir='ltr'>Orat.</span> <span class='ocrx_word' id='word_1_384' title='bbox 1282 4514 1327 4570; x_wconf 73' lang='grc'>34.</span> <span class='ocrx_word' id='word_1_385' title='bbox 1343 4513 1447 4584; x_wconf 62' lang='grc' dir='ltr'>ΜΝ·</span> <span class='ocrx_word' id='word_1_386' title='bbox 1535 4501 1570 4574; x_wconf 76' lang='lat' dir='ltr'>d)</span> <span class='ocrx_word' id='word_1_387' title='bbox 1591 4501 1673 4558; x_wconf 75' lang='lat' dir='ltr'>iliae.</span> 
     </span>
     <span class='ocr_line' id='line_1_37' title="bbox 125 4593 1674 4676; baseline -0.012 -10"><span class='ocrx_word' id='word_1_388' title='bbox 125 4597 230 4666; x_wconf 54' lang='lat' dir='ltr'>PM·</span> <span class='ocrx_word' id='word_1_389' title='bbox 322 4593 582 4661; x_wconf 58' lang='lat' dir='ltr'>e)·i¹¹l·11·XlV·</span> <span class='ocrx_word' id='word_1_390' title='bbox 601 4595 773 4668; x_wconf 69' lang='lat' dir='ltr'>c.X.‘§.12.</span> <span class='ocrx_word' id='word_1_391' title='bbox 860 4599 891 4673; x_wconf 83' lang='lat' dir='ltr'>l)</span> <span class='ocrx_word' id='word_1_392' title='bbox 911 4597 984 4656; x_wconf 81' lang='lat' dir='ltr'>ibid.</span> <span class='ocrx_word' id='word_1_393' title='bbox 1002 4601 1106 4676; x_wconf 77' lang='lat' dir='ltr'><strong>p.356·</strong></span> <span class='ocrx_word' id='word_1_394' title='bbox 1193 4603 1233 4672; x_wconf 76' lang='lat' dir='ltr'>g),</span> <span class='ocrx_word' id='word_1_395' title='bbox 1246 4596 1364 4671; x_wconf 81' lang='lat' dir='ltr'>caytus.</span> <span class='ocrx_word' id='word_1_396' title='bbox 1383 4603 1449 4656; x_wconf 87' lang='lat' dir='ltr'>Aut.</span> <span class='ocrx_word' id='word_1_397' title='bbox 1466 4593 1549 4651; x_wconf 86' lang='grc' dir='ltr'><strong>Τ.ΙΙ.</strong></span> <span class='ocrx_word' id='word_1_398' title='bbox 1566 4601 1674 4668; x_wconf 75' lang='lat' dir='ltr'>p·2c&#39;5.</span> 
     </span>
     <span class='ocr_line' id='line_1_38' title="bbox 42 4677 1674 4765; baseline -0.014 -2"><span class='ocrx_word' id='word_1_399' title='bbox 42 4741 47 4748; x_wconf 82' lang='lat'>-</span> <span class='ocrx_word' id='word_1_400' title='bbox 127 4677 451 4758; x_wconf 74' lang='lat' dir='ltr'>h)1uscr.ant.p,17‚</span> <span class='ocrx_word' id='word_1_401' title='bbox 521 4685 546 4756; x_wconf 83' lang='lat' dir='ltr'>i)</span> <span class='ocrx_word' id='word_1_402' title='bbox 566 4686 649 4762; x_wconf 76' lang='lat' dir='ltr'>spon</span> <span class='ocrx_word' id='word_1_403' title='bbox 664 4687 868 4765; x_wconf 69' lang='lat' dir='ltr'>msapauu</span> <span class='ocrx_word' id='word_1_404' title='bbox 929 4688 963 4764; x_wconf 79' lang='lat' dir='ltr'>t)</span> <span class='ocrx_word' id='word_1_405' title='bbox 983 4685 1297 4752; x_wconf 61' lang='lat' dir='ltr'>retransmeare</span> <span class='ocrx_word' id='word_1_406' title='bbox 1315 4685 1365 4746; x_wconf 74' lang='lat' dir='ltr'>aa.</span> <span class='ocrx_word' id='word_1_407' title='bbox 1429 4685 1454 4758; x_wconf 88' lang='lat'>1)</span> <span class='ocrx_word' id='word_1_408' title='bbox 1472 4681 1674 4756; x_wconf 66' lang='lat' dir='ltr'>annno</span> 
     </span>
     <span class='ocr_line' id='line_1_39' title="bbox 126 4767 875 4856; baseline 0.007 -34"><span class='ocrx_word' id='word_1_409' title='bbox 126 4771 169 4828; x_wconf 80' lang='lat' dir='ltr'>ml</span> <span class='ocrx_word' id='word_1_410' title='bbox 188 4767 256 4826; x_wconf 61' lang='lat' dir='ltr'>lul.</span> <span class='ocrx_word' id='word_1_411' title='bbox 278 4789 343 4844; x_wconf 86' lang='lat' dir='ltr'>cap.</span> <span class='ocrx_word' id='word_1_412' title='bbox 356 4783 400 4836; x_wconf 74' lang='lat' dir='ltr'>ta.</span> <span class='ocrx_word' id='word_1_413' title='bbox 473 4774 509 4846; x_wconf 82' lang='lat' dir='ltr'>n)</span> <span class='ocrx_word' id='word_1_414' title='bbox 528 4774 562 4834; x_wconf 82' lang='lat' dir='ltr'>L.</span> <span class='ocrx_word' id='word_1_415' title='bbox 572 4775 622 4840; x_wconf 82' lang='lat' dir='ltr'>lX,</span> <span class='ocrx_word' id='word_1_416' title='bbox 641 4777 711 4842; x_wconf 65' lang='lat' dir='ltr'>nv.</span> <span class='ocrx_word' id='word_1_417' title='bbox 729 4788 875 4856; x_wconf 57' lang='lat' dir='ltr'>sagmen,</span> 
     </span>
    </p>
   </div>
   <div class='ocr_carea' id='block_1_6' title="bbox 167 4879 1442 4961">
    <p class='ocr_par' dir='ltr' id='par_1_7' title="bbox 167 4879 1442 4961">
     <span class='ocr_line' id='line_1_40' title="bbox 167 4879 1442 4961; baseline 0.006 -21"><span class='ocrx_word' id='word_1_418' title='bbox 167 4879 350 4961; x_wconf 71' lang='lat' dir='ltr'>(narr.)</span> <span class='ocrx_word' id='word_1_419' title='bbox 1375 4885 1400 4948; x_wconf 91' lang='lat' dir='ltr'>o</span> <span class='ocrx_word' id='word_1_420' title='bbox 1423 4903 1442 4947; x_wconf 71' lang='lat' dir='ltr'>e</span> 
     </span>
    </p>
   </div>
   <div class='ocr_carea' id='block_1_7' title="bbox 0 0 2194 5554">
    <p class='ocr_par' dir='ltr' id='par_1_8' title="bbox 0 0 2194 5554">
     <span class='ocr_line' id='line_1_41' title="bbox 0 0 2194 5554; baseline 0 0"><span class='ocrx_word' id='word_1_421' title='bbox 0 0 2194 5554; x_wconf 95' lang='lat' dir='ltr'> </span> 
     </span>
    </p>
   </div>
  </div>
 </body>
</html>
