4444 5558
646 577 799 654 NVMI
830 573 1268 652 ALEXANDRINI.
1683 601 1730 669 ῃ

181 750 364 836 catalogum
392 761 546 815 monetse
575 747 817 813 Alexandrinae
848 745 929 812 Cae·
986 745 1012 810 ti
1039 765 1175 826 numos,
1209 765 1292 831 quos
1322 745 1615 830 locupletissimum
1644 755 1733 840 regis

180 871 308 930 sorum,
336 871 419 938 quse
441 851 475 914 in
497 871 610 916 musco
632 849 799 935 Borgisno
820 849 930 915 adser-
984 846 1166 912 Galliarum
1208 866 1357 911 museum
1399 848 1555 920 continet.
1617 855 1734 942 Neque
1868 842 1877 860 '

181 965 292 1031 votur,
313 951 417 1019 edere
438 968 590 1040 pararet,
612 951 727 1016 eadem
750 971 857 1035 opera·
872 970 931 1013 nu·
985 947 1181 1014 sennonem
1208 946 1368 1033 impendit
1396 969 1531 1034 operam
1562 955 1734 1039 vulganii·

181 1071 253 1119 mos
279 1053 375 1138 hujus
406 1055 590 1140 argumenti
620 1073 753 1130 omnes,
784 1068 867 1135 quos
895 1048 931 1112 is
987 1049 1141 1137 iirgqui
1166 1049 1289 1134 cogniti
1318 1049 1463 1114 nondum
1492 1051 1608 1131 icere,
1638 1077 1735 1143 qoam

181 1155 465 1239 praestantissimis
484 1159 644 1239 Europae
666 1151 788 1218 muscis
809 1163 863 1218 sut
886 1149 931 1213 ri·
987 1151 1159 1237 ingeniose
1174 1171 1212 1216 sc
1228 1149 1365 1214 dextere
1383 1151 1589 1236 corrigendis
1602 1155 1661 1234 iis,
1678 1158 1735 1241 qui

181 1255 229 1320 dit
248 1257 339 1342 ipsc,
367 1270 425 1321 ast
452 1278 534 1344 quos
563 1257 597 1320 iu
624 1253 780 1340 catalogis
804 1253 931 1339 reperit
986 1273 1102 1318 aversa
1130 1252 1252 1316 Lucina
1280 1266 1355 1315 suot
1381 1252 1565 1332 editi,·aot
1591 1255 1734 1344 denique

181 1358 250 1424 sire
266 1359 384 1442 praeto
401 1359 556 1444 vulgatis,
582 1359 652 1430 sire
669 1379 765 1422 msnu
784 1356 930 1439 scriptis,
987 1352 1191 1436 aspernando
1222 1353 1347 1417 Goltzii
1375 1353 1550 1440 figmento,
1580 1357 1736 1425 eliorum·
1845 1435 1848 1442 Δ

182 1458 319 1544 collegit
342 1473 377 1526 et
397 1460 431 1524 io
454 1461 563 1527 lucem
587 1458 680 1524 dedit
697 1457 835 1543 vulgato
853 1475 931 1540 ope-
988 1473 1052 1540 que
1074 1453 1222 1539 cognitos
1248 1454 1400 1532 abortus,
1430 1457 1548 1542 quibas
1568 1460 1659 1524 usila
1680 1482 1733 1526 ars

180 1581 238 1638 re,
268 1563 325 1626 coi
347 1561 476 1628 titulus:
512 1561 619 1628 Numi
638 1562 807 1644 Aegyptii
831 1561 931 1640 impe·
985 1554 1142 1639 tingendo
1162 1569 1272 1640 potest
1295 1553 1482 1625 subvenire.
1510 1558 1636 1624 Eadem
1656 1581 1736 1648 ope·

181 1665 303 1725 rotoris‘
327 1675 520 1746 prestantes
548 1665 586 1726 in
616 1681 729 1726 musco
758 1661 930 1740 Bergioac
985 1677 1024 1722 rs
1045 1669 1158 1721 coctos·
1181 1656 1542 1722 clarissimus-instituit
1564 1661 1733 1748 inquirere

185 1764 362 1840 Velitris,¹
376 1763 516 1842 adjectis
543 1773 758 1844 precemur.
770 1771 931 1842 quotquot
985 1757 1020 1820 iu
1048 1756 1222 1840 religionis
1247 1757 1428 1842 Aegyptiae
1457 1763 1734 1844 genesim-nata-
1805 1777 1812 1806 ⁸

181 1860 429 1943 reliquo-hujus
451 1865 572 1928 classis
593 1865 796 1927 numismata
815 1877 859 1923 erc
877 1879 932 1921 oo·
985 1879 1075 1936 ram,
1106 1876 1238 1936 causus,
1267 1861 1439 1942 mysteria,
1471 1862 1543 1947 ejus
1565 1864 1732 1949 explicare

183 1965 247 2026 riis
271 1965 519 2043 monstratque
544 1963 642 2026 libris
666 1963 822 2044 colligere
848 1961 934 2024 otet-
986 1957 1169 2043 aiicgerias
1193 1973 1239 2024 et·
1261 1960 1463 2045 labyrinthos
1492 1963 1603 2028 multis
1633 1984 1735 2050 saepe

178 2063 245 2145 git.
270 2063 396 2126 Remos
418 2065 510 2144 opud
522 2064 714 2128 Antonium
730 2063 930 2146 Fulgom'um
986 2061 1173 2125 intelicitcrv
1192 2073 1351 2141 tentstos,
1381 2062 1653 2145 significationem
1681 2087 1734 2131 re·

182 2163 539 2228 MDCOLXXXVII.
556 2168 593 2230 in
611 2172 679 2240 luto.
700 2162 833 2228 Prodiit
847 2181 929 2229 sero
985 2183 1072 2226 ram-
1087 2181 1130 2226 sc-
1150 2163 1317 2225 nominum
1344 2177 1459 2229 voccts
1486 2166 1656 2250 suppetias
1671 2167 1735 2232 Co·

182 2265 334 2349 suspiriis
361 2265 436 2334 Bm.
459 2265 494 2332 8.
514 2267 556 2334 R.
580 2267 621 2330 E.
647 2263 827 2330 Gurdisslis
857 2264 930 2328 Ste-
985 2277 1116 2350 ptorom
1137 2261 1248 2346 lingua
1269 2264 1462 2340 enuclearet
1492 2286 1575 2351 quae
1599 2267 1733 2354 quidem

180 2364 279 2450 phuni
292 2367 434 2452 Bergis,
458 2367 551 2450 cujus
566 2384 704 2448 nomen,
730 2365 821 2451 quod
840 2378 930 2432 rete·
983 2365 1152 2451 superflua
1170 2365 1390 2431 existimarem
1403 2367 1586 2454 pleraque,
1606 2371 1639 2433 si·
1650 2371 1732 2434 mihi
1768 2445 1775 2460 .

180 2467 227 2531 ris
242 2469 315 2534 seri
331 2469 490 2553 reliquias
505 2489 570 2532 non
589 2471 689 2534 modo
707 2487 822 2552 magus
839 2486 928 2543 cure,
984 2468 1043 2532 sni
1068 2467 1187 2551 scripte
1214 2481 1381 2552 putarem,
1412 2480 1446 2530 et
1472 2489 1539 2532 non
1566 2482 1619 2534 tot
1642 2473 1732 2550 eliis,

181 2569 358 2654 majoribus
387 2571 542 2656 impensis
574 2570 773 2656 conquirere
803 2567 927 2646 studet,
984 2567 1103 2655 quibas
1123 2589 1201 2633 ssne
1223 2569 1505 2656 persuasissimum
1527 2586 1595 2651 est,
1622 2573 1732 2638 inesse

179 2671 239 2735 sed
267 2673 381 2751 cunm,
411 2673 762 2758 praestantissimorum
784 2690 861 2733 usos
882 2671 928 2734 ri·
983 2683 1107 2738 certam
1125 2672 1272 2758 aliquam·
1288 2671 1472 2753 rationem,
1498 2674 1677 2740 consilin-
1694 2697 1732 2742 sc

177 2792 291 2838 rorum
318 2795 436 2860 spera,
463 2794 546 2860 quos
574 2775 790 2858 undecunque
818 2769 926 2838 orium
982 2792 1104 2836 nexum
1136 2773 1178 2834 in·
1205 2773 1451 2859 Aegyptiorum
1480 2777 1730 2861 superstitione,

178 2873 239 2938 dos
266 2874 335 2938 sihi
355 2872 526 2942 devinctos
551 2876 675 2956 habet,
702 2889 736 2940 et
756 2875 791 2938 io
812 2871 925 2937 smicis
983 2893 1080 2958 qoam
1120 2873 1360 2939 vetustissimus
1394 2892 1511 2961 stupor
1540 2880 1730 2962 parturivit,

176 2989 287 3060 potat,
318 2975 443 3061 publici
464 2975 539 3040 fieri
563 2978 644 3059 juris
668 2977 793 3062 gestit,
815 2975 924 3059 cujus,
983 2977 1189 3040 consecrarit
1211 2977 1409 3062 miquitatis
1431 2980 1565 3064 opinio,
1592 3002 1730 3046 morna-

175 3077 328 3163 ioquam,
355 3097 476 3141 nomen
505 3079 579 3160 jam·
599 3099 685 3141 nunc
713 3079 747 3139 io
774 3077 927 3142 Aeterni·
982 3077 1030 3144 rit
1058 3075 1220 3140 callidum
1242 3078 1663 3163 sacerdotowingenium,
1692 3097 1729 3148 ut

175 3180 249 3242 tutis
275 3179 399 3263 templo
427 3178 632 3264 praefulget,
646 3176 826 3262 .et·quoad
850 3177 926 3262 pne
983 3175 1079 3260 ptebo
1098 3176 1191 3240 radis
1206 3199 1279 3241 suae
1295 3177 1417 3264 aliquid
1434 3194 1563 3264 putaret
1581 3203 1654 3246 csse
1673 3207 1731 3248 nu·

174 3279 318 3364 lologiae
343 3279 451 3344 henos
471 3279 664 3357 iubebitur,
693 3281 837 3348 omnium
864 3277 927 3340 lin·
983 3297 1159 3362 gas,=quam
1175 3277 1317 3363 deniquo
1331 3280 1562 3345 historicorum
1579 3298 1613 3347 ct
1625 3306 1730 3368 gram·

175 3383 247 3468 guis
264 3403 301 3446 ac
322 3381 796 3466 gratulatione-celebrabitur.
830 3380 924 3464 Opus
981 3379 1174 3443 meticorum
1195 3381 1372 3446 credulitas
1391 3383 1529 3448 anilibus
1549 3383 1667 3450 fabulis
1690 3411 1729 3452 ac

172 3483 260 3548 istud
311 3485 340 3548 si
390 3483 674 3567 praestantissimis
723 3483 923 3560 sdnumero,
980 3481 1147 3568 figmentis
1167 3482 1214 3547 sic
1236 3483 1391 3561 involvit,
1416 3498 1458 3548 ut
1473 3485 1552 3570 quid
1574 3489 1728 3573 antiquis·

174 3609 257 3675 quae
288 3587 330 3650 in·
352 3585 453 3649 simili
483 3607 578 3653 causa
610 3586 719 3656 locem
748 3583 922 3663 viderunt,
980 3587 1063 3650 simo
1092 3606 1175 3650 acro
1201 3585 1360 3650 creditum
1387 3585 1507 3664 fuerit,
1536 3585 1727 3656 discernere

172 3711 271 3756 nemo
293 3689 358 3755 crit
378 3709 512 3765 eorum,
541 3688 597 3774 qui
618 3685 717 3752 modo
739 3689 836 3774 sequi
857 3689 923 3752 sint
980 3709 1055 3754 com
1080 3689 1207 3752 ratiene
1242 3706 1315 3749 non·
1344 3689 1458 3774 possis.
1503 3689 1630 3774 Spero,
1669 3711 1726 3770 es,

172 3813 209 3856 ac
233 3791 340 3880 'periti
370 3791 448 3856 artis
477 3803 610 3854 nostrae
642 3789 790 3873 jndices,
828 3789 921 3874 cujus
979 3809 1072 3876 quae
1093 3789 1192 3853 modo
1217 3789 1397 3874 disputari,
1430 3810 1634 3878 nequaquam
1665 3795 1728 3860 riri

137 3943 140 3948 .
173 3915 240 3959 non
271 3913 402 3980 sperem
431 3893 574 3958 laturum
602 3891 767 3975 suffragia.
802 3892 920 3977 Neque
977 3891 1141 3977 praeclari
1169 3892 1318 3977 ingratiis
1355 3910 1430 3956 esse
1461 3889 1571 3970 dicta,
1595 3895 1726 3980 mando

169 3998 260 4062 enim
289 3997 324 4059 in
354 4017 403 4062 eo·
425 3994 628 4061 desiderabis
665 4007 720 4057 act
756 3994 921 4078 copiosam
977 3993 1013 4056 in
1042 3992 1153 4080 operis
1182 3993 1384 4078 praefatione
1419 3994 1599 4060 modoetiae
1635 3997 1725 4080 ipse,

124 4173 128 4182 ι
171 4098 345 4163 multarum
373 4117 486 4164 rerum
516 4096 705 4173 scientiam,
733 4110 920 4182 tortamque
978 4117 1073 4183 qoam
1096 4095 1206 4162 verius
1226 4097 1397 4181 professus
1416 4109 1486 4176 est,
1515 4099 1726 4183 semetipsum

172 4201 409 4277 eruditionem,
437 4214 491 4265 aut
514 4199 614 4264 totius
634 4211 743 4284 partes
763 4196 866 4262 nitide
882 4219 921 4264 ac
978 4198 1042 4262 sibi
1064 4219 1281 4277 succentore,
1308 4199 1398 4285 quod
1416 4197 1652 4286 Aegyptiarum
1673 4216 1727 4266 rs·

173 4303 289 4368 ordine
305 4303 497 4387 dispositas,
522 4314 576 4364 sut
594 4303 627 4364 in
645 4299 923 4386 colligendisAe·
978 4321 1058 4364 rum·
1070 4301 1322 4386 explicationem
1344 4322 1573 4386 nonnunquam
1598 4315 1725 4367 tentare

173 4405 291 4492 gyptiis
317 4405 424 4468 onmis
453 4402 645 4468 industriam
679 4416 713 4467 et
743 4400 922 4466 adcuratio-
978 4424 1075 4468 ausus
1104 4417 1212 4482 esset,
1246 4395 1431 4488 rie-quibus
1454 4402 1518 4468 nisi
1534 4404 1725 4488 vpraemisso

171 4529 266 4586 nem,
298 4526 364 4593 quo
390 4505 521 4590 quidem
548 4506 581 4566 in
608 4521 820 4570 conatorem
842 4504 923 4568 iecit
978 4503 1131 4570 diuturno
1149 4519 1182 4569 et
1199 4505 1365 4570 indefesso
1382 4491 1587 4571 studionihil
1605 4507 1673 4570 sani
1691 4508 1725 4568 in

173 4610 322 4680 omnibus
349 4606 445 4671 nobis
476 4605 709 4691 gratissimam,
739 4606 827 4694 qood
855 4620 922 4669 ton·
977 4607 1120 4670 medium
1139 4607 1271 4672 adferre
1291 4609 1395 4674 dator.
1431 4609 1599 4674 Sedenim
1620 4622 1725 4672 rotem

172 4713 248 4790 dem
269 4711 303 4774 in
323 4709 434 4776 locem
451 4709 612 4798 protrusit
632 4708 729 4794 hujus
749 4729 922 4796 argumen·
977 4729 1032 4777 mo
1054 4709 1165 4776 ausim·
1179 4725 1347 4797 praestare
1363 4705 1561 4778 'amicissimo
1583 4713 1722 4795 zoegae.

1406 4813 1444 4876 Β·
1462 4833 1480 4877 a
1661 4835 1664 4842 ’
