4430 5564
586 553 661 626 nn
693 551 882 628 avuta
917 547 1321 628 concursuras.
1652 573 1724 658 492

176 743 293 816 cupant
315 733 413 812 sr'gna
436 726 621 802 militaria,
650 743 796 788 aversam
820 739 926 786 sacer·
982 722 1099 802 luisse,
1131 737 1163 788 at
1190 745 1263 802 eas,
1295 745 1378 811 qnae
1406 741 1549 793 srstrum
1577 741 1611 794 et
1639 731 1731 816 signa

175 837 364 898 deserant.
980 827 1167 910 prorniscue
1203 827 1236 888 in
1274 827 1371 890 variis
1406 831 1511 893 nnmis
1542 829 1731 910 adsumunt,

236 936 273 998 ln
301 932 406 996 nemis
433 928 608 1000 viminacii
637 925 766 992 ebrium
799 940 850 989 eat
879 925 926 990 ri·
981 929 1035 994 rel
1064 929 1097 990 in
1129 927 1245 992 eodem
1275 931 1433 1012 jungunt,
1465 931 1599 1013 primam
1630 934 1733 1000 dedn-

177 1037 258 1103 dere
276 1035 451 1100 mulierem
468 1046 624 1108 stantem,
653 1043 688 1094 et
706 1029 842 1112 singulis
860 1049 925 1090 ms·
981 1031 1124 1093 ctionem
1146 1031 1325 1107 crinibus,
1352 1031 1613 1116 supplementum
1635 1056 1654 1101 e
1676 1059 1732 1101 re·

177 1138 272 1203 nibus
291 1138 417 1223 singula
435 1137 525 1220 signs
544 1145 722 1198 tenentem.
980 1132 1101 1195 teraris
1129 1132 1285 1197 indicare.
1323 1131 1513 1197 Fabrettum
1535 1137 1654 1218 passim
1678 1159 1728 1204 se·

435 1285 455 1321 ,
540 1236 558 1273 l
646 1279 664 1316 „
981 1235 1091 1318 quitur
1113 1234 1315 1300 Vaillantius.
1351 1233 1418 1298 Sed
1440 1235 1633 1301 enim.banc
1655 1260 1728 1303 sen·

239 1342 338 1425 Signa
359 1341 510 1404 militaria
534 1337 567 1398 in
591 1333 791 1398 coloniarum
816 1331 923 1396 numia
979 1337 1112 1398 tentiam
1131 1355 1203 1398 cura
1221 1336 1417 1419 scriptores,
1442 1349 1510 1400 tum
1525 1340 1615 1402 numi
1635 1361 1730 1408 erer-

175 1443 369 1528 plernmque
398 1439 544 1504 indicare
574 1435 718 1500 colonias
747 1436 921 1508 militares,
979 1449 1060 1500 tunt.
1098 1437 1151 1498 En
1173 1438 1355 1500 orationem
1377 1439 1500 1504 Velleii
1524 1441 1576 1522 a),
1614 1441 1729 1522 Neque

175 1545 315 1608 dubitari
343 1544 467 1626 nequit.
507 1539 631 1602 Milites
658 1539 744 1598 enirn
773 1537 806 1597 in
834 1535 924 1597 colo·
969 1539 1528 1624 sacilernernorlaeretardaverint,
1545 1563 1644 1621 quoe,
1661 1545 1730 1608 nisi

173 1651 242 1711 nias
266 1645 492 1718 mittebantur,
525 1639 641 1742 partim
672 1635 760 1722 quod
790 1635 920 1700 emeriti
977 1641 1155 1714 militaris,
1177 1650 1254 1720 post
1275 1641 1337 1704 ltoc
1357 1653 1483 1722 ternpus
1503 1645 1645 1705 deducto
1670 1649 1726 1706 sit.

174 1761 284 1812 essent
313 1761 347 1810 et
379 1743 549 1832 stipendiis
586 1739 763 1814 conlectis,
802 1737 919 1820 partim

175 1847 332 1912 maturius
359 1847 391 1908 in
421 1858 554 1908 navatae
579 1861 700 1924 operae
722 1837 919 1924 praemium,

176 1949 264 2036 quod
291 1947 351 2012 sub
381 1947 505 2010 lllriris
536 1943 772 2028 perfrequens,
804 1941 920 2025 partim

176 2067 211 2116 ut
227 2051 357 2136 imperii
374 2049 457 2110 fines
475 2059 655 2108 tuerentur.
685 2045 790 2106 Multo
814 2058 919 2106 autern

174 2153 296 2217 certius
319 2148 446 2216 colonia
468 2147 616 2210 militaria
638 2143 795 2228 putanda,
825 2165 921 2226 qnan-

176 2255 218 2318 do
244 2253 373 2320 vexillis
397 2251 566 2334 legiones,
591 2267 768 2330 earumque
793 2245 922 2307 numeri

94 2348 98 2356 ¹
174 2368 248 2419 sunt
263 2351 433 2437 adscripti,
450 2365 486 2414 ut
499 2349 601 2416 LEG.
615 2349 686 2425 itt,
705 2346 764 2410 sesi
781 2348 836 2431 qui
854 2367 920 2408 non

172 2477 250 2522 raro
280 2455 535 2539 supprimantur.
576 2453 642 2514 lam
670 2471 751 2514 sero
779 2461 920 2525 constat,

173 2559 294 2622 milites
317 2558 351 2618 in
373 2555 519 2620 colonias
540 2553 752 2636 transcriptos
779 2571 819 2614 eo
846 2569 920 2613 curn

170 2659 300 2724 vexillis
330 2671 364 2720 et
392 2659 424 2719 in
450 2670 571 2718 turmas
594 2655 715 2720 divisos
737 2651 914 2737 proiectos.

171 2761 303 2826 'l'acitus
316 2761 379 2844 jam
397 2779 493 2841 supra
512 2756 626 2820 citatus
649 2759 697 2837 ·):
725 2753 798 2818 Non
817 2759 914 2830 enim,

170 2877 207 2926 at
227 2863 325 2938 olim,
354 2864 528 2921 uniuersae
547 2859 694 2940 legiones
717 2857 918 2918 deduceban-

169 2979 242 3040 tur,
273 2983 347 3026 curn
370 2963 513 3024 tribunis
534 2973 566 3022 et
590 2958 855 3032 centurionibus,
884 2967 917 3016 et

168 3069 223 3130 sui
245 3066 402 3142 cujusque
426 3063 553 3124 ordinis
568 3061 754 3126 militibus.
785 3057 829 3119 Et
850 3057 917 3137 Hy·

170 3171 263 3253 ginus
279 3163 328 3248 Ὃς
353 3163 476 3226 lilaltis
491 3160 677 3242 legionibus
692 3162 835 3240 contigit
851 3157 916 3219 bel·

168 3273 237 3330 lum
250 3269 405 3351 feliciter
421 3267 624 3344 transigere,
650 3263 750 3322 etad
771 3260 915 3322 laborio-

166 3393 237 3433 sorn
255 3367 484 3452 agriculturae
503 3365 647 3442 requiem
663 3365 772 3446 primo
791 3363 914 3444 (proei-

166 3477 216 3536 nii
230 3473 337 3556 gradu
353 3469 533 3552 pervenire.
558 3461 644 3526 llam
664 3483 738 3525 cunt
754 3466 863 3544 signis
881 3475 916 3524 et

167 3577 282 3652 aquilo
309 3581 342 3632 et
366 3570 484 3654 primis
509 3565 680 3626 ordinibus
705 3583 745 3626 ac
771 3564 914 3648 tribunis

165 3673 420 3738 deducebantur.
472 3665 682 3752 Coloniarum
725 3665 912 3728 militarium

163 3788 277 3839 auctor
296 3772 385 3836 Sulla
405 3769 543 3834 dictator
559 3771 660 3854 vulgo
677 3767 799 3846 fertur,
823 3765 912 3852 quod

164 3877 319 3942 Caesares
337 3871 474 3936 subinde
493 3885 567 3934 sant
583 3869 708 3935 imitati.

226 3976 301 4061 Ope
318 3990 468 4058 typorum
484 3974 641 4038 hactenns
658 3973 908 4058 descriptorum,

162 4078 319 4144 videlicet
349 4074 529 4140 sacerdotis
559 4076 679 4139 arantis
710 4089 743 4140 et
773 4075 910 4142 vexillo·

161 4203 254 4254 ram,
280 4177 422 4262 conjecit
439 4176 629 4253 Fabrettus,
654 4179 727 4240 erui
746 4198 842 4262 possa
863 4177 911 4239 ‹li-

162 4285 304 4347 scrimen
330 4282 416 4341 inter
439 4277 584 4342 colonias
606 4278 751 4360 plebeias
774 4295 807 4341 et
827 4279 910 4340 miii·

162 4385 311 4466 terere).
355 4383 456 4456 Nam,
495 4380 620 4463 inquit,
659 4379 805 4464 plebejas
842 4403 909 4442 ars·

161 4501 231 4564 tro,
255 4485 412 4548 militares
435 4482 550 4567 aquilis
573 4493 608 4546 et
629 4481 730 4566 signis
752 4481 908 4546 discretas

195 4719 227 4788 a)
245 4717 322 4774 Anu.
333 4713 411 4772 xtv.
429 4725 473 4778 27.
591 4711 627 4784 b)
648 4711 685 4770 dc
701 4709 815 4770 limitib.

159 4807 190 4880 e)
210 4805 283 4864 Phil.
295 4805 333 4866 ll.
353 4824 378 4864 c·
389 4814 435 4868 to.

935 4712 965 4784 c)
987 4709 1024 4768 dc
1043 4709 1171 4771 column.
1189 4708 1268 4786 Traj.
1285 4723 1371 4786 p01t.

979 1744 1123 1826 Tempus
1162 1739 1249 1802 istud
1285 1741 1390 1824 signat
1427 1745 1594 1806 consulatu
1629 1744 1726 1806 illarii

978 1845 1058 1921 vt,
1090 1843 1144 1927 qui
1173 1855 1299 1904 sextum
1329 1846 1490 1926 processit
1520 1846 1560 1911 V.
1584 1845 1618 1908 C·
1651 1845 1725 1913 o53.

978 1947 1070 2028 Ergo
1087 1945 1114 2005 si
1132 1943 1195 2006 boc
1212 1944 1358 2006 standum
1380 1959 1429 2008 est
1446 1947 1650 2022 testimonio,
1668 1947 1726 2008 mi-

979 2047 1091 2110 litares
1120 2048 1216 2108 etiam
1245 2045 1378 2110 inerunt
1405 2048 1563 2127 Berytus,
1594 2049 1726 2110 Caesar·

979 2163 1132 2232 augusto,
1166 2147 1374 2222 corinthus,
1396 2149 1558 2226 Emerita,
1590 2151 1723 2226 Patrae,

980 2251 1120 2332 Sinope,
1153 2269 1266 2311 omnes
1293 2270 1311 2310 a
1339 2251 1363 2314 1.
1390 2251 1546 2326 Caesare,
1577 2251 1631 2314 rel
1659 2254 1726 2313 Au·

979 2364 1093 2434 gusto,
1116 2364 1150 2414 et
1172 2349 1259 2432 quod
1281 2351 1445 2434 sequitur,
1474 2363 1546 2434 post
1570 2351 1725 2416 dictatum

978 2475 995 2516 a
1023 2451 1156 2519 Velleio
1184 2464 1311 2534 tempus
1342 2450 1518 2528 deductae,
1554 2468 1585 2516 et
1617 2467 1724 2517 tarsen

979 2575 1092 2618 omnes
1133 2551 1193 2615 bao
1233 2553 1342 2618 virum
1379 2566 1524 2617 arantem
1567 2553 1723 2620 offerunt.

972 2653 1089 2740 Neque
1112 2654 1234 2738 poterit
1250 2655 1423 2719 Fabrettua
1442 2669 1604 2719 aratorem
1629 2679 1723 2720 suum

973 2757 1059 2820 tueri
1085 2754 1245 2833 dicendo,
1271 2757 1334 2820 boc
1360 2771 1435 2840 typo
1459 2758 1595 2841 primaru
1622 2755 1723 2820 denu-

975 2859 1117 2922 ctionem
1146 2878 1165 2920 e
1194 2858 1317 2922 civibus
1343 2860 1448 2920 notari
1458 2881 1467 2938 3
1498 2881 1569 2922 nam
1594 2872 1721 2922 certum

974 2971 1043 3034 est,
1068 2979 1183 3020 omnes
1205 2958 1302 3022 modo
1324 2975 1518 3022 memoratas
1544 2961 1643 3022 urbes
1668 2982 1722 3022 an·

973 3072 1006 3122 te
1035 3061 1238 3122 constitutam
1268 3059 1309 3121 ab
1337 3073 1476 3143 utroque
1499 3061 1638 3124 Caesare
1665 3061 1721 3124 sle·

973 3159 1160 3224 ductionem
1181 3162 1324 3225 colonias
1344 3181 1408 3223 non
1426 3161 1545 3237 luisse,
1572 3182 1653 3245 ergo
1679 3163 1720 3225 si·

971 3263 1040 3324 mal
1059 3264 1222 3341 colonias,
1245 3263 1339 3324 simul
1356 3262 1533 3326 secundum
1551 3263 1717 3330 Velleiuns

970 3364 1145 3442 militares,
1170 3365 1257 3450 quod
1275 3366 1378 3448 ipsum
1398 3363 1505 3446 arguit
1523 3366 1575 3427 vel
1595 3387 1715 3428 nomen

970 3466 1155 3544 Emeritae,
1179 3467 1313 3530 testibus
1335 3465 1549 3550 scriptoribus
1568 3469 1716 3534 coloniae

970 3567 1155 3632 Lusitaniae
1188 3569 1229 3631 ab
1258 3569 1405 3632 emeritis
1442 3567 1598 3630 militibus
1635 3569 1719 3631 indi·

969 3684 1050 3736 tnm.
1093 3670 1261 3733 Invehitur
1291 3671 1324 3732 in
1354 3673 1399 3734 Μ.
1428 3670 1606 3733 Antonium
1639 3672 1716 3734 'ial-

968 3773 1033 3836 lius
1055 3771 1101 3854 ⁰):
1139 3774 1325 3836 Casilinum
1346 3773 1511 3836 coloniam
1532 3775 1721 3848 deduxisti,

967 3887 1007 3938 ut
1035 3874 1376 3952 vexillumtolleres,
1413 3887 1448 3935 et
1473 3885 1623 3936 aratrum
1652 3877 1717 3936 cir·

967 3978 1184 4039 cumduceres.
1215 3975 1392 4038 Militarem
1415 3975 1535 4052 luisse,
1560 3985 1648 4058 patet
1674 3994 1714 4037 ex

967 4075 1091 4144 Velleii
1109 4075 1237 4152 verbis,
1264 4091 1423 4140 ettamen
1443 4077 1475 4138 in
1496 4097 1534 4140 ea
1552 4075 1717 4139 deducen-

968 4177 1007 4240 da
1030 4178 1127 4242 aratri
1150 4198 1226 4239 usas
1248 4179 1358 4244 valuit.
1392 4179 1519 4241 Eodem
1542 4178 1640 4242 modo
1663 4199 1716 4242 re·

966 4269 1092 4341 xillum'
1113 4280 1159 4342 sic
1191 4279 1252 4342 fuit
1285 4282 1486 4342 coloniarum
1525 4279 1711 4340 militarium

967 4381 1167 4462 symbolam,
1192 4395 1227 4442 ut
1246 4395 1351 4442 tamen
1372 4381 1465 4444 etiam
1486 4375 1625 4462 plcbcjia
1648 4400 1714 4439 non

967 4483 1208 4550 adversaretur.
1244 4481 1324 4544 Nam
1348 4483 1443 4544 etiam
1467 4501 1540 4543 curn
1564 4481 1713 4544 coloniae

1497 4705 1714 4780 &biom

1315 4885 1473 4983 Quia
