4372 5556
723 553 1101 628 znvetraua
1617 507 1685 640 scu

144 719 199 806 qui
229 721 291 804 jam
320 719 371 784 his
400 719 487 785 istud
514 720 576 784 tuit
603 733 789 804 peractum,
825 723 890 806 pri·
946 736 1057 804 captos
1084 719 1145 784 hos
1170 740 1285 784 numos
1312 725 1446 806 proprie
1470 720 1571 787 fuisse
1595 724 1691 786 Puni·

142 841 232 886 mum
261 823 295 884 10
325 823 431 885 numia
459 823 611 886 Panormi
639 825 790 899 Siciliae,
824 845 889 909 quo
947 845 1013 887 cos.
1052 825 1167 905 Neque
1190 823 1276 886 enim
1299 825 1327 886 is
1349 833 1415 888 tota
1445 823 1691 907 euexpaditio·
1818 827 1822 832 '

144 922 221 987 loco
238 937 390 986 monetae
409 925 505 1009 hujus
521 924 804 988 Punico-Siculae
823 945 891 987 sne·
946 945 988 989 ue
1014 923 1158 987 Africum
1189 945 1327 1010 unquam
1357 923 1476 1000 adivit,
1511 923 1570 987 sed
1597 937 1691 1003 ante,

143 1023 278 1102 talium,
318 1038 429 1108 typos,
468 1025 615 1111 aliosque
649 1026 765 1088 modos
799 1045 891 1088 enar·
946 1048 985 1092 se
1007 1040 1081 1108 post
1105 1026 1307 1088 commissam
1325 1027 1357 1086 in
1377 1025 1515 1107 Liparae
1536 1045 1692 1110 conspec-

143 1125 305 1203 tavimus,
338 1125 457 1188 deinde
479 1127 513 1188 in
536 1126 762 1191 dissertatione
784 1125 893 1188 Phoe·
946 1141 1000 1192 ctu
1043 1147 1183 1211 pugnam
1218 1109 1370 1188 ‘Siciliam
1415 1125 1535 1201 obivit,
1592 1125 1693 1190 nrbes
1777 1127 1780 1132 '

145 1229 236 1289 uices
257 1227 363 1288 nnmis
386 1225 528 1308 adjecta,
550 1227 584 1290 in
607 1249 668 1312 qua
690 1223 890 1312 epigraphen
947 1231 1025 1293 alius
1054 1251 1071 1291 a
1100 1229 1289 1290 Poenorum
1320 1227 1489 1290 obsidione
1522 1226 1690 1302 liberavit,

143 1326 298 1392 Punicam
338 1327 371 1389 in
412 1349 549 1393 examen
588 1331 785 1394 vocavimus.
839 1331 891 1392 Ex
947 1330 1025 1394 01100
1047 1329 1145 1411 cepit.
1186 1325 1278 1422 Quae
1303 1329 1433 1412 quidem
1458 1329 1521 1411 jam
1547 1329 1603 1392 vel
1628 1348 1692 1390 nna

145 1427 308 1492 omnihus·
325 1429 430 1492 causis
458 1443 612 1514 apparet,
647 1431 893 1515 Carthaginien·
948 1451 1043 1494 oausa
1064 1430 1141 1492 satia
1157 1429 1348 1512 persuadet,
1372 1441 1581 1493 memoratam
1598 1447 1692 1510 pree·

143 1549 198 1594 ses
227 1527 353 1593 liberes
383 1543 514 1594 moneta
544 1531 668 1616 signata
695 1553 763 1596 uon
790 1531 892 1594 inisse
949 1529 1023 1593 dam
1044 1529 1226 1593 constitisse
1244 1530 1481 1613 partimunmis
1501 1530 1605 1594 omnis
1624 1549 1691 1592 me·

145 1650 243 1708 usos,
266 1629 325 1694 sed
346 1651 481 1708 aurum,
508 1644 701 1716 arpentum,
731 1653 786 1696 aes
807 1651 893 1700 mer·
948 1631 1019 1695 talli
1048 1628 1176 1693 urbium
1206 1629 1409 1708 Sicularum,
1447 1632 1564 1715 partim
1593 1629 1692 1692 Pnui·
1731 1687 1734 1694 .

145 1731 193 1794 cis
225 1731 302 1794 ioco
332 1731 445 1796 101000.
488 1733 619 1798 Etenim
649 1732 695 1808 si,
732 1747 768 1795 ut
798 1731 891 1810 aiibi,
949 1733 1155 1807 eo·Siculis,
1189 1751 1270 1814 quos
1291 1731 1555 1818 Panormitapos,
1589 1743 1625 1792 ut
1646 1731 1693 1790 di·

146 1831 219 1914 ejus
250 1829 405 1894 valuisset
433 1853 530 1910 usus,
566 1847 762 1920 sequeretur
796 1853 891 1910 sans,
949 1835 1001 1911 xi,
1035 1853 1197 1897 vocamus.
1240 1832 1334 1914 Lego
1362 1833 1397 1894 in
1425 1832 1558 1915 dialogo
1584 1833 1692 1894 Plato-

146 1949 266 2016 msguo
288 1951 360 1994 eam
383 1953 539 2010 numero,
568 1949 605 1998 ut
625 1936 658 1996 iu
680 1947 769 1998 tanto
789 1932 892 2017 impe·
946 1935 1018 2010 uis,
1052 1934 1105 1996 cui
1132 1952 1253 1996 nomeu
1281 1933 1436 2016 Eryxias,
1475 1933 1532 1998 tali
1561 1932 1693 1996 Cartha·

145 2029 217 2110 rio,
247 2032 409 2120 tenusque
432 2035 564 2118 opibus,
592 2034 757 2120 hodieque
779 2056 902 2120 super·-
949 2036 1113 2121 ginienses
1136 2048 1264 2097 moneta
1285 2035 1343 2099 uti.
1380 2037 1499 2100 Parvo*
1516 2034 1598 2100 corii
1626 2033 1693 2122 iru-
1810 2088 1820 2100 ,

146 2153 241 2209 esse,
272 2135 343 2216 ejus
370 2150 497 2200 certum
525 2135 689 2221 aliquem,
720 2151 890 2222 ratumque
948 2136 1172 2220 stoilliqatum
1189 2149 1239 2201 est
1253 2135 1375 2221 aliquid
1389 2137 1518 2200 stateris
1532 2145 1692 2199 summum

146 2234 249 2298 inisse
278 2235 429 2315 modum,
462 2237 617 2312 sormam,
646 2237 791 2322 pondus,
823 2239 891 2324 qui·
949 2240 1188 2323 nigritudine,
1219 2237 1295 2321 qnid
1318 2257 1398 2302 vero
1421 2237 1462 2300 011
1483 2237 1583 2314 illud,
1604 2237 1693 2324 qnod

145 2335 206 2398 hus
236 2335 334 2400 iaciie
366 2359 401 2401 se
433 2337 655 2416 discerneret,
686 2337 823 2421 perinde
853 2358 892 2402 00
948 2339 1107 2424 illigatum
1126 2354 1191 2416 est,
1211 2359 1308 2402 nemo
1326 2339 1515 2416 norit,nisi
1533 2339 1589 2423 qni
1605 2339 1693 2402 istud

146 2451 277 2502 moneta
324 2439 572 2516 Romanorum,
627 2439 891 2519 Atheniensium,
949 2441 1081 2505 iaciunt.
1122 2441 1185 2504 1110
1214 2440 1333 2503 deinde
1355 2440 1532 2524 obsignato
1552 2459 1614 2521 pro
1636 2459 1693 2502 nu·

144 2539 369 2626 aliorumque,
405 2555 439 2604 et
463 2541 498 2611 in
525 2541 641 2626 primis
672 2541 756 2606 adeo
787 2544 901 2606 scien·-
948 2543 1096 2605 missuate
1132 2555 1278 2608 utuntur.
1320 2543 1413 2605 Haec
1447 2541 1591 2624 narratiq
1629 2541 1692 2603 etsi

145 2643 209 2705 tiae
246 2655 378 2706 nostrae
415 2641 619 2707 inconsuetis
655 2663 727 2708 rem
761 2644 891 2707 Cartha·
949 2644 1077 2708 fabulae
1106 2644 1253 2709 videntur
1283 2643 1439 2726 propior,
1468 2663 1541 2706 eum
1557 2640 1691 2724 ,alioqui

147 2741 345 2826 giniensinm
382 2745 594 2808 monetariam
636 2743 738 2808 fuisse'
781 2745 892 2827 cogui-
948 2741 1694 2829 1011010500101001110100100011001010·
1806 2801 1810 2809 ,

147 2857 232 2920 tam,
272 2841 316 2907 de
349 2864 411 2928 qna
447 2855 555 2907 tamen
591 2845 625 2905 10
665 2845 752 2908 huuc
788 2865 891 2932 nsque
948 2859 1058 2927 ratur3
1090 2861 1198 2909 tamen
1219 2867 1262 2910 ne
1284 2845 1364 2928 fingi
1380 2843 1512 2928 quidem
1530 2845 1616 2907 istud
1635 2864 1692 2927 po·

148 2943 237 3006 diem
261 2941 471 3026 disceptatur.
503 2944 619 3008 Gravis
641 2947 824 3028 argumenti
848 2949 896 3008 in·
950 2949 1082 3023 tuisset,
1111 2947 1138 3009 si
1164 2969 1225 3032 qua
1249 2947 1378 3031 cognita
1400 2945 1515 3008 1010001
1539 2945 1610 3028 ejus
1635 2964 1693 3029 po·

149 3059 216 3110 star
232 3057 297 3120 est,
315 3045 403 3128 quod
419 3047 597 3130 scriptores
610 3057 740 3110 veteres
755 3049 788 3109 10
803 3068 896 3136 prae·
951 3048 1022 3132 puli
1040 3047 1161 3132 signata
1180 3049 1328 3130 pecunia.
1357 3049 1512 3109 Ceterum
1531 3045 1692 3110 Aristides

151 3149 191 3212 da
209 3147 413 3231 Carthaginis
437 3145 486 3208 his
511 3168 529 3208 0
554 3147 761 3229 Scipionibus
783 3163 906 3233 captae·
952 3167 1083 3232 quoque
1113 3163 1227 3212 auctor
1255 3161 1322 3225 est,
1352 3147 1547 3229 Carthagine
1576 3167 1694 3210 numos

149 3249 280 3333 argenti
304 3249 388 3312 illati
411 3249 516 3312 solum
544 3249 670 3332 pondus
696 3273 896 3318 memorare
952 3263 1100 3313 scorteos
1126 3250 1265 3314 valuisse
1288 3249 1330 3330 ⁸).
1373 3248 1494 3310 Habuit
1516 3268 1597 3332 erqo
1620 3249 1696 3312 Car·

148 3364 244 3428 runt,
272 3372 346 3414 cum
363 3365 471 3414 tamen
486 3351 738 3434 Lirinsuliique
752 3355 785 3414 in
803 3373 896 3436 prae·
952 3351 1052 3435 thago
1074 3349 1161 3414 istud
1183 3341 1312 3435 quoqne
1336 3370 1410 3413 eum
1429 3349 1586 3412 Corintho
1607 3368 1696 3412 eom·

149 3453 210 3518 dae
237 3452 483 3537 Hispaniensis,
522 3453 771 3532 Macedonicae,
805 3454 903 3517 Asiu-
952 3473 1067 3530 mnne,
1089 3453 1193 3538 quod,
1215 3452 1298 3516 sieut
1318 3451 1396 3514 urhe
1418 3466 1555 3535 utraque
1575 3449 1695 3514 eodem

149 3555 234 3620 tinae
264 3568 357 3640 parte
388 3576 455 3618 non
484 3556 613 3640 argenti
647 3555 746 3620 modo
782 3555 895 3619 infecti
950 3574 1037 3620 auno
1063 3554 1125 3618 fuit
1151 3561 1284 3632 eversa,
1316 3553 1434 3618 eodem
1463 3550 1582 3615 deiude
1611 3569 1695 3614 anno

150 3657 293 3741 pondus,
323 3655 383 3722 sed
409 3657 487 3721 facti
515 3658 612 3721 etism
640 3671 675 3721 et
700 3657 817 3741 signati
844 3679 895 3722 so-
952 3658 1091 3722 deducta
1116 3656 1244 3720 colonia
1270 3656 1429 3733 surrexit,
1454 3653 1502 3716 sic
1525 3653 1694 3734 utriusqus

150 3759 199 3822 liti
221 3760 287 3822 sint
308 3760 506 3825 meminisse.
543 3762 617 3822 Non
646 3757 832 3837 dissimulo,
861 3761 896 3822 in
952 3758 1104 3845 quamdiu
1124 3759 1174 3822 sui
1193 3758 1318 3822 arbitrii
1341 3757 1421 3834 fuit,
1448 3767 1557 3821 certos
1580 3771 1695 3816 numos

150 3859 289 3944 praeda,
319 3882 414 3946 quam
443 3862 479 3928 C.
500 3861 643 3924 Duillius
670 3861 765 3928 vietis
792 3859 901 3946 prima
951 3883 1017 3927 non
1039 3861 1206 3926 hahemus.

152 3983 259 4046 pugna
287 3965 451 4036 maritime
468 3965 590 4029 Poenis
619 3977 818 4042 extorserat,
850 3976 898 4029 te·
1018 3965 1177 4027 Coloniae
1198 3960 1401 4045 Carthaginis
1430 3959 1525 4045 pauci
1554 3969 1696 4032 exstant,

153 4076 201 4127 ste
233 4063 352 4148 insigni
382 4067 533 4131 columns
561 4065 700 4130 rostrata
729 4068 897 4132 numerari
951 4077 1118 4149 seutqnea‘

154 4165 293 4228 aaron.
314 4151 668 4235 0001000000
693 4179 756 4233 etc.
783 4189 898 4250 argen-
1015 4165 1190 4231 sutsro.
1224 4162 1487 4233 uvuvunat,
1522 4159 1698 4227 010000.

156 4265 264 4330 Toht.
298 4267 490 4332 CAPTOM.
522 4271 713 4334 PRAEDA.
744 4271 896 4338 NVMEI.
956 4269 1050 4335 SVF.
1076 4269 1198 4348 Capita
1211 4269 1276 4328 duo
1286 4267 1405 4348 jugata
1421 4265 1511 4326 nuda
1525 4262 1697 4326 imberbs'o.

154 4381 218 4431 eto.
254 4368 448 4435 cePtoto.
483 4374 577 4438 AES.
609 4355 672 4440 ¹eto.
717 4373 897 4435 Numerum
956 4367 1320 4438 memmerunt
1341 4363 1699 4446 Templumheolum·

121 4483 124 4490 '
151 4467 227 4533 uide
253 4472 338 4552 apud
364 4472 570 4537 Ciacconiuns
597 4475 668 4555 ejus
697 4475 898 4537 monumenti
956 4495 1084 4536 nornen.
1106 4471 1219 4535 am
1244 4463 1652 4552 (1100.(Ζο00.Ρο11οι·10.)Ι

152 4573 380 4656 interpretem.
421 4577 466 4637 dt
494 4579 580 4640 enim
609 4575 742 4660 probari
767 4577 898 4662 nequit,
1020 4575 1127 4638 Alius
1150 4573 1274 4638 similis
1284 4613 1305 4646 ,·
1327 4572 1389 4636 sed
1410 4569 1586 4652 epigraphe
1611 4585 1702 4628 ovor-

153 4675 1692 4728 ..ἥκῃ-ΜΗ...-

188 4762 219 4833 a)
240 4762 679 4843 0r22.11.t>1oon.p.n.us.
1262 4793 1265 4798 -
1323 4740 1331 4760 ⁸
1544 4741 1549 4750 ’

214 4873 400 4957 (70117.)
1416 4869 1445 4929 8·
