4372 5556
743 520 1107 600 CYRENAICA.
1624 551 1693 620 123

164 707 237 772 not,
262 693 456 760 existimarit
476 697 644 780 Bsgerns,
666 691 789 758 τοΒΛ.
813 692 906 776 ιιιιιοίι
961 705 1029 754 scat
1049 696 1091 776 ο).
1141 697 1294 760 Ceterum
1331 699 1392 762 hos
1423 719 1551 786 qnoque
1585 721 1701 768 nomos

63 841 68 850 .
162 795 233 872 sui,
256 815 353 880 quesn
370 799 447 862 loco
461 799 533 867 vlt.
556 795 733 880 descripsi,
754 809 788 858 et
807 793 904 855 sdsti·
961 811 1047 855 nunc
1065 796 1183 876 passim
1206 818 1247 860 ex
1267 796 1382 860 iisdem
1404 803 1526 881 censis,
1547 825 1624 888 quse
1648 826 1703 868 sn·

160 907 266 958 tutum
293 913 389 981 caput
417 899 561 983 juvenile
591 897 735 960 indicere
762 897 902 958 Battum
960 903 1012 962 ¹tcs
1033 893 1171 973 dictavi,
1193 898 1387 980 Cyrenaicos
1405 919 1476 966 esse
1499 905 1702 987 suspicantur

161 996 218 1062 tv.
251 997 396 1080 Cyrenes
423 1019 563 1082 regem,
593 1011 628 1062 et
664 1019 699 1059 re
733 997 765 1060 K
802 995 902 1080 pertis
961 994 1106 1082 eruditi,
1141 999 1286 1082 quamuis
1319 1003 1471 1083 spectetis
1499 1006 1583 1086 typis
1618 1008 1700 1070 nihil

160 1117 293 1161 srcrsso
316 1119 390 1164 esse
410 1098 540 1163 literam
565 1095 734 1183 ἄρχαωσαν
752 1095 902 1165 vocabuli
959 1094 1099 1159 habeant
1127 1098 1315 1182 Cyrenaici,
1350 1115 1415 1164 tnm
1445 1125 1560 1188 perum
1592 1125 1630 1170 nc
1664 1109 1700 1185 ii,

157 1197 339 1276 disseretur.
382 1203 426 1262 At
453 1220 534 1264 vero
567 1199 655 1262 idem
682 1195 775 1278 BA„
803 1212 840 1263 nt
867 1200 901 1261 in
959 1196 1014 1278 qui
1034 1195 1139 1264 Ers.
1169 1202 1413 1283 inscribuntur,
1444 1219 1480 1269 ut
1502 1206 1584 1271 adeo
1612 1208 1700 1273 istud

162 1297 333 1382 descriptis
366 1299 465 1364 modo
496 1299 603 1362 nnmis
624 1296 784 1377 vidimus,
811 1297 904 1382 poni·
957 1317 1130 1362 nemorum
1162 1321 1266 1384 genes
1285 1305 1360 1388 pies
1384 1304 1488 1369 adhuc
1507 1307 1589 1372 lucis
1612 1307 1699 1372 desi·

160 1411 215 1462 tur
236 1395 332 1462 e'tism
353 1399 545 1483 frequenter
565 1400 652 1482 juxte
675 1414 770 1482 ceput
789 1399 903 1462 mulie·
959 1394 1066 1462 deret.
1254 1415 1256 1420 ·

161 1497 242 1575 bre,
271 1513 305 1564 et
329 1501 362 1561 in
384 1499 482 1562 simili
504 1522 592 1562 nunu.
614 1499 702 1564 11111.
728 1515 778 1564 est
800 1498 900 1576 Btn,
1022 1497 1201 1591 Quaeritur
1222 1501 1385 1588 denique,
1416 1505 1488 1592 qnis
1516 1510 1557 1573 eit
1582 1532 1696 1578 sensus

160 1601 193 1662 iu
215 1600 287 1664 eliis
310 1621 372 1686 pro
396 1601 429 1662 K
449 1603 558 1665 uariae
582 1613 655 1662 sunt
680 1600 796 1663 literne
818 1600 899 1664 siine
956 1599 1188 1663 rocsbuiorurn
1203 1599 1310 1667 ETA.
1333 1619 1367 1668 et
1382 1603 1452 1671 ΒΑ.
1471 1609 1504 1669 in
1523 1611 1572 1674 his
1588 1615 1695 1677 numis

157 1715 192 1766 et
207 1715 494 1786 monogrammsts.
515 1701 612 1762 Numi
627 1699 749 1764 iubricn
764 1701 900 1763 nimium
956 1699 1054 1762 toties
1071 1703 1336 1769 occurrentium?
1355 1706 1442 1769 lstud
1459 1708 1591 1774 dubium
1611 1715 1696 1776 haud

158 1802 294 1888 eiegsns
320 1801 481 1886 persuasit
502 1801 692 1880 Frisiichio,
719 1815 755 1865 ot
780 1803 899 1866 omisso
957 1799 1133 1864 difficulter
1162 1822 1261 1884 posse
1288 1805 1447 1888 expediri.
1466 1831 1604 1892 censeo,
1633 1829 1697 1880 stn-

156 1905 280 1980 Bstto,
309 1902 400 1985 cujus
424 1922 538 1966 esrum
563 1915 669 1966 tantse
702 1923 801 1987 capax
830 1903 899 1967 eis·
955 1902 1095 1978 tuendo,
1117 1923 1190 1965 esse
1204 1904 1369 1970 decurtata
1384 1911 1625 1993 magistratuum
1638 1935 1696 1980 no·

159 2005 286 2090 gentico
314 2025 381 2070 non
408 2003 556 2082 ridetur,
590 2003 650 2066 hos
676 2026 792 2069 numos
821 2004 898 2068 Alc·
954 2001 1048 2065 mins.
1091 2003 1129 2064 st
1158 2005 1250 2067 nami
1277 2004 1444 2072 Goltzisni
1470 2013 1545 2076 loco
1571 2015 1627 2084 lv.
1660 2031 1695 2083 et

155 2104 272 2171 sundri
291 2109 336 2171 tt.
360 2107 456 2170 aetati
478 2105 688 2196 admoueret,
721 2119 755 2170 et
784 2104 896 2174 diuisis
953 2103 994 2170 V.
1014 2100 1169 2188 descripti
1185 2127 1250 2168 nou
1266 2106 1400 2188 feliunt,
1421 2110 1601 2181 eritETA.
1615 2137 1695 2181 con.

155 2207 260 2272 literis
286 2209 438 2294 legeret:
474 2204 637 2281 Βασιλεως
664 2201 843 2288 Αλιξανδρυ
864 2210 894 2293 ·)
950 2216 1087 2268 tractum
1110 2203 1323 2286 Etutam,
1358 2231 1440 2308 quse
1463 2233 1529 2277 uox
1553 2218 1693 2298 perinde

153 2329 236 2394 quse
257 2322 363 2374 tamen
387 2305 546 2372 sententis
565 2307 687 2370 nalism
709 2307 895 2374 hubetreri
950 2327 1071 2368 nomen
1098 2306 1258 2372 Graecum
1284 2310 1348 2376 riri
1386 2333 1459 2377 esse
1496 2328 1624 2398 potest,
1653 2341 1692 2384 sc
1769 2399 1774 2406 ι

151 2409 305 2494 speciem.
344 2413 476 2496 Begero
497 2409 661 2494 suppetias
682 2409 755 2473 tulit
769 2411 895 2474 Bimar·
951 2406 1138 2491 stupens,
1159 2411 1302 2473 Amores
1331 2424 1393 2476 cto.
1425 2429 1520 2499 atque
1542 2416 1577 2480 id
1601 2434 1691 2486 tanto

153 2512 213 2574 dus
228 2510 424 2596 perhibens,
447 2531 560 2575 museo
575 2511 671 2596 regio
686 2531 804 2576 recens
824 2512 894 2576 ittu-
949 2509 1106 2593 pronins,
1137 2509 1289 2594 quonism
1324 2515 1567 2596 megistrstunm
1594 2542 1691 2608 roca.

151 2627 203 2678 tos
217 2613 318 2676 fuisse
331 2633 449 2676 numos
462 2613 634 2696 inscriptos
645 2610 764 2689 fflt„
781 2611 890 2676 0an
948 2609 1024 2676 buis
1042 2612 1078 2673 in
1095 2611 1201 2674 numis
1219 2615 1405 2695 Cyrenaicis
1420 2620 1537 2699 possim
1558 2621 1593 2683 in
1613 2645 1690 2690 casn

98 2787 105 2804 1
150 2715 205 2778 rel
230 2711 336 2780 ΒΑΤ.
361 2735 398 2778 nc
425 2727 596 2796 prseteres
627 2713 670 2776 K.
694 2713 747 2776 rel
775 2711 890 2790 KTP,
946 2725 1039 2804 recto
1062 2712 1176 2776 efferri
1197 2715 1366 2796 videmos,
1397 2732 1431 2783 et
1451 2733 1555 2785 exstat
1571 2724 1688 2790 Eposo,

150 2833 229 2900 quse
258 2815 364 2883 sarias
392 2815 619 2894 inscriptiones
648 2813 805 2895 legendus
834 2813 891 2878 do·
946 2834 1068 2878 nomen
1095 2814 1159 2880 riri
1192 2818 1360 2900 proprium
1391 2820 1475 2903 spud
1499 2821 1695 2911 Aristopho-v

149 2930 223 2978 cers
248 2913 450 2978 APKscsitas
464 2915 515 2978 rel
534 2911 890 2993 ttntssttrrasnss,
945 2935 1044 2994 nem,
1074 2927 1108 2979 et
1127 2916 1395 2984 Demosthenem.
1438 2923 1563 2987 Eadem
1588 2929 1687 2992 ratio·

145 3013 339 3080 tribuendos
365 3015 448 3078 adeo
470 3015 566 3076 Batto
582 3015 639 3082 tv.
665 3027 698 3076 et
719 3015 888 3079 Arcesilao
945 3037 988 3080 ne
1010 3039 1047 3079 ro
1061 3014 1135 3080 BA.
1158 3017 1222 3078 erit
1240 3017 1326 3083 forte
1347 3043 1409 3104 pro
1430 3023 1595 3110 descripto
1616 3031 1687 3113 ple·

146 3115 366 3180 Bottisdstum
385 3112 520 3198 regibus
540 3114 734 3198 postremis,
756 3128 791 3179 et
811 3136 889 3198 quo·
944 3119 1018 3181 nius
1047 3114 1133 3200 apud
1156 3115 1322 3182 Goltzium
1345 3119 1490 3186 ΒΑΒΙΚ.
1535 3128 1570 3190 Si
1594 3133 1686 3194 numi

145 3219 233 3282 niem
255 3218 290 3280 tsi
311 3238 410 3298 reges
434 3214 615 3298 synchroni
630 3215 725 3278 {uere
747 3217 832 3301 Cyro
854 3232 889 3281 et
944 3216 980 3279 tsi
996 3237 1114 3282 revers
1132 3216 1282 3299 Cyrenen
1298 3223 1481 3304 pertinent,
1501 3227 1583 3292 haec
1598 3251 1686 3300 coms

148 3318 320 3404 Cambysi,
350 3317 426 3380 inde
462 3317 554 3401 sequi
592 3317 653 3394 sit,
674 3313 736 3380 hos
771 3339 887 3383 numos
944 3319 1063 3404 pendis
1084 3316 1180 3380 facilc
1202 3337 1244 3382 ex
1270 3321 1341 3403 ejus
1364 3321 1464 3405 ipsius
1486 3327 1591 3393 numis
1614 3351 1685 3396 ccr-

145 3420 294 3486 omnibus
317 3418 473 3485 hactenns
490 3418 629 3503 cognitis
645 3437 718 3482 esse
732 3421 888 3484 vetustio-
942 3423 986 3492 tis
1007 3420 1229 3494 illustrantem
1258 3442 1330 3484 nsnr
1359 3423 1392 3484 in
1415 3425 1464 3488 his
1487 3426 1603 3513 leger-c
1634 3449 1685 3498 est

142 3545 197 3587 res
212 3521 256 3604 h).
300 3522 425 3592 Verum
446 3517 634 3583 Bimsrdnm
659 3519 760 3604 plene
787 3521 886 3586 refel·
943 3521 1015 3586 ΘΕ.
1036 3537 1070 3586 et
1093 3514 1283 3586 ΘΕΤΦΕῙ.
1309 3521 1682 3612 οῑΘΕΤ(1)Ε1ΔΕΤΣ,

141 3625 181 3686 lit
201 3623 473 3705 BartheIemyus,
501 3623 556 3706 qui
582 3620 699 3685 iisdem
723 3623 828 3689 nnmis
848 3624 884 3686 in
941 3643 1024 3709 quse
1046 3621 1130 3685 trias
1151 3622 1302 3705 exempis
1337 3623 1405 3688 sola
1431 3626 1538 3694 tnbuia
1553 3632 1595 3701 V.
1622 3657 1682 3698 nu·

142 3747 279 3792 examen
297 3725 419 3790 roestis
441 3743 515 3788 eum
536 3722 710 3807 deceptum
731 3743 805 3788 esse
827 3724 883 3796 do,-
940 3745 1069 3789 morum
1096 3741 1269 3786 aureorum
1292 3723 1326 3785 in
1352 3727 1506 3812 catalogo
1523 3731 1683 3803 Pombro.

142 3843 195 3892 cet
213 3825 356 3911 legendo
371 3817 474 3888 KTP.
495 3821 597 3887 ΑΡΚ.
618 3843 679 3908 pro
696 3838 790 3889 certo
804 3821 883 3890 ΚΤ·
939 3828 1005 3891 citii
1025 3824 1219 3910 suppeditat.
1260 3825 1321 3886 Eis
1340 3827 1423 3892 adde
1438 3829 1555 3898 ΔΑΜ.
1574 3834 1679 3901 ΚΤΔ.

140 3927 288 4004 ΡΑΝΑ,
316 3923 461 4009 legendo
482 3926 560 3988 item
583 3922 687 3990 ΒΑΤ.
718 3948 779 4012 pro
806 3947 883 3992 con·
939 3925 1038 4002 ΠΟ.,
1074 3947 1157 4011 quse
1183 3927 1311 4009 plenius
1341 3929 1372 3991 in
1401 3929 1472 3992 aliis
1494 3934 1679 4004 scribuntur

140 4043 243 4094 stante
261 4030 294 4089 in
311 4028 417 4090 numis
430 4025 518 4102 BA„
540 4039 575 4089 ut
588 4025 672 4090 adeo
687 4048 785 4093 omne
799 4029 880 4093 iilud
938 4023 1309 4104 ΔΑΜΩΝΑΚΤΟΣ,
1351 4027 1552 4115 ΚΤΔΙΟΣ,
1598 4036 1678 4102 ΠΟ.

144 4130 296 4205 subsidii,
317 4127 403 4212 quod
424 4129 547 4211 Bcgsri
567 4150 682 4195 censae
698 4150 740 4192 ex
757 4130 883 4196 Bimar·
937 4123 1226 4214 titatium,
1246 4140 1282 4191 ut
1299 4130 1427 4196 erudito
1445 4134 1583 4203 advertit
1601 4141 1677 4206 Pei·

142 4234 177 4294 di
213 4229 391 4317 praeconio
424 4227 580 4310 adfulsit,
614 4247 726 4320 suapte
765 4255 881 4302 erano
938 4228 1131 4312 tertntnsd).

134 4527 1667 4564 Q

174 4647 206 4716 a)
225 4641 317 4702 Notis.
338 4641 422 4702 elem.
440 4661 471 4720 p.
490 4651 548 4709 138.
657 4641 692 4714 b)
713 4643 751 4702 sd
768 4644 876 4706 lobcrt.
896 4649 929 4706 Τ.
948 4647 969 4704 1.
995 4665 1025 4724 p.
1042 4649 1104 4709 tsn.
1221 4647 1251 4706 ci
1272 4645 1303 4702 B·
1321 4645 1354 4701 1⁴·
1379 4647 1414 4704 T·
1431 4645 1535 4714 XXVI·
1561 4671 1591 4728 p.
1610 4664 1672 4717 555.

138 4733 172 4806 d)
192 4733 263 4794 Rois
288 4753 318 4810 p.
332 4746 376 4797 ⁵2·
1334 4825 1364 4919 Q
1389 4845 1405 4886 a
