4430 5562
498 553 570 622 200
1052 569 1055 574 ·
1136 529 1346 609 CAPV'T'
1374 527 1428 602 v..

500 717 624 770 uenter
645 701 760 788 procul
782 695 944 766 babuisse.
988 701 1098 762 Fcere
1116 700 1149 760 iu
1168 697 1246 760 citt
1302 695 1450 760 netto.
1471 692 1656 759 Anniae.
1679 691 1909 762 enntooc.
1929 698 1973 762 A.
1998 697 2050 776 (io

500 807 548 870 sia
571 804 773 887 metropoles
793 805 934 881 Tarsus,
957 799 1161 877 Ansnrbus,
1187 799 1247 862 Se·
1302 811 1368 863 estr
1387 800 1504 880 πρωιη)
1519 795 1847 864 ΜΗΤΡΟΠΟΛΙΟ.
1877 801 1996 866 Vtrum
2015 814 2049 862 et

498 907 633 984 leucis,
668 907 910 982 Diocaesarea,
950 905 982 967 in
1011 903 1104 986 Syris
1133 902 1245 964 Antio·
1302 898 1445 963 Gerrhus
1459 899 1714 984 Mesopotamiae
1731 898 2050 964 additoinnounul·

498 1007 589 1083 eltis,
611 1006 748 1084 Enisa,
778 1004 964 1082 brodioea,
995 1005 1180 1081 Samosata,
1210 1003 1246 1063 ie
1301 1003 1342 1064 lis
1369 1001 1408 1062 Δ.
1440 1000 1588 1067 indicare
1620 1001 1786 1067 voluerint
1824 1005 2050 1089 metropoleos

499 1107 720 1191 l'tpltlagonie
762 1105 947 1176 Amastris,
989 1104 1245 1188 Pompeiopolis,
1303 1103 1577 1188 primatum,non
1597 1103 1672 1166 tatis
1691 1102 1811 1185 liquet,
1834 1119 1869 1166 ut
1885 1105 1919 1165 in
1938 1126 2049 1167 esrum

500 1212 532 1270 in
555 1207 791 1292 Mesopotsmis
813 1207 975 1282 Csrrbss,
999 1207 1122 1282 Nisibi,
1143 1205 1246 1268 Edes·
1303 1218 1433 1267 moneta
1465 1203 1722 1268 observavimus.
1766 1205 1948 1268 Fuerintne
1985 1211 2051 1291 pri-

500 1331 550 1387 sa,
571 1311 604 1371 in
621 1309 728 1370 Ponto
742 1307 890 1384 Amasis,
914 1308 1148 1370 Neocaesarea.
1179 1305 1247 1368 Ob·
1303 1307 1364 1368 mis
1381 1304 1433 1367 bis
1451 1303 1689 1386 metropolibus
1709 1318 1798 1368 certe
1819 1307 1979 1388 qusedsm
1997 1309 2053 1371 ed·

500 1407 695 1475 serrandum
723 1421 851 1484 temen,
883 1410 1111 1492 metropoleon
1134 1427 1247 1470 nnme-
1303 1403 1365 1470 lise
1388 1405 1479 1488 jura,
1509 1404 1644 1469 dillicile
1672 1419 1722 1468 est
1747 1419 1914 1483 statuere,
1942 1423 1980 1472 et
1999 1411 2054 1472 rix

501 1530 573 1574 rum
597 1523 721 1574 arctum
752 1511 915 1594 primum,
947 1509 1084 1574 subinde
1114 1528 1176 1592 per
1201 1508 1249 1568 in·
1306 1526 1428 1593 operae
1452 1507 1593 1590 pretium
1617 1507 1804 1591 inquirere,
1833 1507 1921 1593 quod
1944 1525 2052 1576 metus

501 1613 640 1678 rsrvstts
669 1623 796 1678 suctum
818 1611 938 1688 luisse,
962 1630 1026 1696 quo
1045 1611 1079 1672 in
1101 1608 1253 1674 instituta.
1306 1622 1372 1687 est,
1392 1627 1437 1670 ne
1451 1608 1619 1700 impensus
1634 1609 1740 1670 omnis
1756 1608 1850 1671 leber
1867 1610 1982 1675 irritus
1997 1615 2051 1692 sit,

501 1726 635 1798 prester
656 1734 768 1778 causas
788 1733 886 1797 supra
915 1712 1028 1776 allatos
1049 1731 1122 1774 sues
1151 1711 1248 1774 etiem
1305 1710 1352 1788 si,
1374 1707 1463 1794 quotl
1485 1708 1643 1792 suspicari
1670 1727 1752 1773 sane
1769 1709 1869 1789 lieet:
1890 1713 2052 1796 superbus

502 1829 613 1898 partes
637 1815 784 1879 habuere
806 1813 990 1896 principum
1021 1833 1080 1874 seu
1102 1810 1249 1874 adiectus
1305 1811 1361 1874 bic
1373 1811 1487 1874 titulus
1503 1831 1568 1872 uon
1583 1809 1721 1874 decreto
1741 1827 1871 1876 senatus
1880 1859 1900 1892 ,.
1911 1815 1972 1878 sed
1987 1818 2053 1898 prb

503 1937 569 1980 sou.
593 1916 715 1982 odium.
761 1917 816 1978 Sia
852 1934 942 1978 oum-
958 1913 1050 1994 Syris
1080 1934 1153 1975 suas
1184 1912 1248 1994 jam
1304 1925 1375 1977 vata
1397 1911 1573 1975 ambitione
1596 1923 1706 1995 partus
1727 1913 1810 1991 fuit,
1841 1937 1905 1998 qua
1935 1917 2052 2002 impel-

505 2018 642 2082 bsberet
663 2017 884 2100 metropoles,
914 2015 962 2077 eis
983 2013 1091 2077 additu
1113 2012 1152 2076 sb
1174 2013 1250 2075 Els-
1304 2013 1394 2078 lente
1417 2013 1544 2078 Sordes.
1559 2034 1596 2077 se
1620 2013 1741 2079 dixisse
1760 2017 1886 2094 Asius,
1911 2019 2051 2100 Lydiam

504 2119 620 2203 gabelo
637 2121 764 2196 Emisa,
788 2116 876 2202 quod
897 2115 980 2178 boec
996 2113 1069 2196 'ejus
1087 2127 1175 2178 esset
1195 2134 1249 2198 pa·
1305 2117 1459 2179 Helladis
1493 2119 1636 2194 primam
1666 2118 1898 2196 metropolim,
1927 2139 1991 2202 qus
2017 2119 2051 2180 iu

503 2221 576 2285 trie.
626 2223 729 2286 Iratus
751 2215 1026 2282 Antiochensibus
1057 2237 1131 2278 cum
1161 2229 1248 2279 esset
1303 2217 1445 2280 formula
1464 2215 1657 2292 'niteamus
1672 2214 1896 2301 dysaetqyuorus
1909 2218 2052 2296 Ἐλληνι-

503 2321 707 2397 H'sdrienus,
737 2317 868 2385 volebat
893 2318 1018 2399 Syriam
1041 2340 1059 2380 a
1080 2316 1256 2380 Phoenice
1304 2335 1617 2398 uererer-agnosco,
1648 2315 1717 2379 dixi
1743 2319 1776 2380 in
1802 2333 1932 2383 moneta
1957 2321 2051 2402 liujus

503 2443 676 2505 seperare,
711 2439 754 2484 ns
785 2434 835 2482 tot
862 2419 1027 2485 civitatum
1056 2419 1249 2502 metropolis
1305 2418 1428 2500 Lydiae
1449 2417 1550 2481 urbis.
1594 2417 1662 2481 ssd
1684 2435 1817 2484 nonest
1840 2443 1900 2485 our
1920 2443 2052 2508 mugno-

503 2522 678 2586 Antiochia
707 2521 901 2599 diceretur,
931 2533 967 2582 ut
996 2533 1131 2583 testetur
1152 2521 1250 2602 Sper·
1306 2540 1388 2603 pere
1410 2520 1585 2595 miremur,
1607 2519 1704 2603 hujus
1724 2526 1961 2605 nos‘primatus
1979 2543 2053 2588 cau·-

505 2624 664 2705 tianus¹).
708 2623 838 2686 Revera
862 2625 982 2704 Tyrum
1002 2620 1186 2684 Phoenices
1208 2619 1249 2682 ab
1307 2643 1374 2684 sam
1398 2624 1573 2704 ignorare,
1597 2642 1669 2685 cum
1693 2624 1890 2710 nequidem
1913 2625 2053 2710 explies·

505 2725 670 2789 lindriaco
694 2723 811 2786 dietam
835 2724 1032 2804 metropolin
1056 2723 1158 2784 refert
1180 2723 1251 2782 Sui·
1305 2723 1375 2788 tuin
1392 2721 1477 2806 sputi
1495 2737 1624 2786 veteres
1643 2726 1865 2805 reperiemus,
1888 2726 1966 2812 quid
1980 2727 2050 2792 sive

506 2827 562 2890 das
585 2825 629 2909 1>).
685 2826 828 2889 Severus
861 2824 1136 2886 Antiochensibus
1171 2825 1250 2886 item
1308 2823 1579 2900 commodi,·sive
1596 2824 1749 2904 bonnm,
1773 2829 1842 2891 sire
1864 2827 1983 2910 jurium
2002 2849 2052 2892 ue·

504 2927 728 3012 iratus,‘quod
746 2949 764 2990 a
782 2926 966 2988 Pescennio
984 2925 1167 2999 stetissent,
1184 2945 1253 2988 our-
1308 2927 1446 2991 cesserit
1469 2925 1541 2988 urbi
1559 2924 1599 2988 ati
1616 2929 1839 3010 metropoleos
1863 2931 2049 3012 dignitatem

504 3032 556 3091 nis
579 3029 630 3092 bis
659 3030 808 3112 adempte
836 3031 907 3111 jure
935 3027 968 3088 in
992 3025 1188 3090 Issodioeom
1211 3025 1250 3090 ud
1308 3041 1461 3105 erectae,
1484 3042 1592 3089 utrum
1611 3028 1834 3113 imperiumin
1854 3032 1954 3097 urbes
1972 3035 2052 3096 inie-

506 3152 603 3195 mare-
627 3130 812 3206 trsnstnlit,
841 3129 930 3192 inter
951 3149 1034 3213 quae
1063 3129 1123 3189 luit
1154 3129 1250 3190 etiem
1308 3131 1408 3194 rioris
1446 3127 1601 3205 ordinis„
1626 3150 1667 3192 nu
1695 3129 1929 3212 jurisdictionis
1959 3155 2051 3220 qnae·

506 3233 730 3316 metropoleos
761 3231 877 3296 boner.
922 3231 1013 3294 ldem
1048 3230 1107 3292 sub
1136 3231 1254 3314 Elaga-
1309 3233 1382 3294 dent
1399 3243 1558 3314 potestus,
1576 3252 1615 3293 ιιι
1633 3231 1943 3316 preelerbo'nore'm
1960 3235 2049 3298 nibil.

507 3335 580 3396 bale
604 3346 741 3417 experto
758 3333 883 3414 Tyrus,
913 3332 1035 3394 Sidone
1056 3331 1089 3393 in
1112 3333 1183 3415 ejus
1205 3335 1260 3394 lo<
1309 3332 1487 3398 Enimvero
1501 3334 1705 3416 scaligerum
1720 3332 1928 3401 adserentem
1942 3340 1975 3400 in
1990 3339 2051 3402 suis

506 3455 580 3497 eum
600 3430 735 3498 suffecta
754 3433 940 3515 metropoli.
974 3437 1044 3497 Etsi
1066 3453 1146 3496 rere
1166 3435 1255 3516 prin-
1309 3436 1350 3498 sd
1371 3435 1549 3498 Eusebium
1573 3435 1680 3511 notis,
1711 3439 1914 3520 metropoles
1941 3442 2049 3506 saltem

507 3540 615 3622 ripum
648 3536 792 3598 bonitate
823 3533 1001 3597 Antiochia.
1026 3549 1059 3596 et
1082 3537 1188 3616 'syrus
1219 3536 1253 3596 in
1309 3537 1342 3598 iu
1359 3537 1433 3598 esis
1461 3557 1516 3600 ees
1542 3537 1698 3612 habitas,
1717 3539 1750 3599 in
1773 3539 1895 3625 quibus
1915 3563 2052 3608 consen·

507 3641 672 3720 integrum
689 3635 857 3697 restitutae
878 3633 997 3712 fuere,
1013 3649 1120 3697 tomen
1138 3637 1258 3699 saltent
1309 3651 1362 3699 tus
1384 3652 1438 3700 aut
1458 3659 1625 3702 causarum
1648 3640 1721 3700 sors
1747 3655 1943 3725 egerentur,
1965 3665 2052 3730 prus·

503 3735 676 3802 'brodioeu
688 3734 880 3815 metropolis
898 3753 970 3797 esse
981 3735 1139 3818 perressit.
1160 3739 1252 3800 Haec
1310 3739 1401 3802 clare
1414 3742 1477 3824 jam
1499 3740 1656 3806 refutarit
1671 3741 1891 3824 spanhemius·
1902 3749 1931 3827 ⁰)
1948 3761 2051 3810 aucte

509 3839 615 3901 omnis
634 3840 667 3899 in
691 3835 889 3919 singularum
915 3835 1042 3900 urbium
1067 3839 1174 3901 nnmis
1197 3840 1260 3930 lta-¹
1309 3841 1405 3905 ritate
1427 3844 1579 3927 rescripti
1603 3845 1782 3923 Antonini,
1810 3845 1889 3909 dicti
1910 3848 2052 3914 Garecsl·

508 3941 565 4005 bes
586 3937 806 4022 comprobatus
930 4009 949 4053 ς
1309 3943 1382 4022 lse,
1404 3945 1444 4007 sd
1467 3965 1640 4009 commune
1663 3948 1779 4023 deire,
1805 3949 1841 4010 in
1869 3970 1933 4034 quo
1956 3949 2052 4014 diser·

571 4039 788 4123 Complures
814 4037 909 4100 ibere
938 4060 970 4099 ιιι
1000 4037 1254 4123 una'prorinciu
1310 4047 1353 4108 tis
1381 4047 1491 4110 verbis
1516 4047 1726 4132 distinguitur
1753 4051 1841 4114 inter
1863 4051 1963 4117 urbes
1991 4073 2053 4116 ms·

440 4235 445 4240 Ι
509 4141 727 4226 metropoles,
749 4137 888 4214 fictum,
911 4138 968 4203 sed
993 4142 1113 4217 rarius,
1144 4157 1179 4204 ut
1200 4143 1255 4207 ba·
1311 4150 1480 4232 tropoles,¹
1504 4147 1593 4211 inter
1623 4169 1698 4226 eas,
1725 4171 1808 4236 qaae
1839 4153 1961 4218 babent
1983 4156 2052 4218 tun

367 4250 375 4260 ‘
464 4273 466 4280 ·
507 4268 580 4309 rum
611 4231 673 4308 uns
694 4241 861 4325 quaepiam
895 4259 931 4304 se
959 4245 1158 4326 metropolin
1186 4249 1260 4327 pri·‘
1311 4249 1496 4332 cauterem,
1518 4264 1552 4315 et
1571 4253 1718 4338 reliques
1739 4253 1927 4324 interiores.
1965 4259 2053 4322 Fuit·

509 4370 595 4412 mom
630 4337 743 4428 ,palam
782 4339 1004 4427 profiteretur.
1049 4345 1104 4409 Sic
1135 4349 1254 4432 Perga·
1311 4372 1347 4416 se
1377 4366 1484 4415 temen
1521 4354 1686 4441 aliquem,
1727 4356 1984 4442 qualemcunque
2019 4361 2053 4420 il·

371 4461 376 4466 '
510 4471 581 4512 mus
603 4437 725 4510 dicitur
749 4445 782 4505 in
805 4465 904 4509 numo
925 4442 1255 4527 Murronontc.
1312 4453 1405 4531 lum,
1438 4456 1567 4521 urbium
1602 4459 1796 4522 inferiorum
1831 4479 1911 4524 oum·
1937 4475 2056 4525 metro·

510 4545 694 4614 ΠΡΩΤΗ.
739 4562 772 4610 et
811 4546 933 4611 Sardes
964 4546 1099 4633 ‘majore
1145 4551 1273 4669 hiatus·
1311 4557 1382 4641 poli
1405 4579 1544 4638 nexum,
1566 4555 1644 4624 inde
1669 4553 1827 4644 conjicio,
1849 4563 1938 4647 quod
1962 4585 2054 4629 meus

549 4760 579 4822 a]
600 4751 804 4812 iniiadrisuo.
869 4753 905 4827 b)
924 4754 958 4810 in
977 4733 1116 4816 ssetbru-
1181 4765 1211 4832 c)
1232 4761 1265 4818 vp⁹
1285 4763 1306 4820 Ι·
1326 4783 1355 4839 P·
1370 4767 1434 4828 61¹¹·
1545 4779 1548 4784 .
1644 4768 1647 4774 ι
1701 4773 1704 4778 .
1779 4745 1786 4751 ·
