4338 5554
570 553 791 628 roseln
824 554 1252 634 BARBARORVM.
1611 575 1676 646 181

134 721 258 806 possint
288 721 452 809 componi.
492 719 645 818 Quorum
673 721 878 806 dynastarum
929 725 1162 812 significantes
1180 741 1241 790 aue
1259 728 1385 790 domiai
1401 729 1522 804 nostri,
1545 741 1603 791 eut
1624 729 1679 790 do·
1782 743 1787 752 ·

134 823 279 888 Arabum
303 825 367 889 sins
387 823 422 886 bi
443 825 553 904 numi,
584 835 618 890 st
640 843 705 910 quo
725 839 822 909 puoto
844 825 880 888 bi
935 831 1099 891 minorum
1121 842 1321 893 nostrorum.
1365 828 1490 894 Verum
1514 828 1598 894 bsnu
1624 848 1680 893 ex·

135 923 198 990 sibi
219 927 415 1012 permissum
442 927 650 1012 putaverint,
687 927 817 1016 signsre
845 927 892 990 iu.
933 927 1144 1011 pliustionem
1159 929 1229 1011 ojus
1247 929 1403 1012 temporis
1420 927 1596 1012 peristsses
1612 949 1679 993 nou

134 1029 354 1094 monumentis
394 1029 533 1113 publicis
570 1029 730 1114 imsginos
766 1030 880 1094 Mabo-
934 1029 1116 1095 sdmittuut.
1146 1030 1329 1094 Hadrianus
1341 1032 1365 1094 1.
1386 1031 1609 1115 pontificatum
1627 1053 1681 1094 su·

96 1115 103 1126 ’
134 1130 214 1194 meti
233 1131 311 1217 lege
331 1131 466 1211 veritus,
496 1130 571 1197 ride
602 1131 687 1218 spud
714 1131 878 1196 laudarum
935 1133 1039 1217 eoepit
1057 1150 1142 1196 snno
1158 1129 1280 1195 Christi
1295 1149 1370 1216 77²·
1413 1133 1457 1196 bt
1476 1133 1541 1218 jsm
1564 1129 1681 1198 indes

135 1245 313 1294 auctorem.
359 1232 462 1325 Quem
484 1233 584 1317 longe
606 1257 624 1296 u
646 1253 727 1299 vero
749 1233 879 1298 uberrs·
934 1235 1049 1298 Leone
1070 1235 1124 1297 111.
1164 1233 1297 1311 isauro,
1326 1233 1382 1317 qui
1405 1254 1489 1297 enno
1515 1230 1591 1296 Chr.
1616 1253 1679 1316 7¹7

136 1333 219 1396 verit
246 1333 430 1397 Hadrianus
457 1332 626 1397 Relundss
665 1335 700 1396 in
728 1335 880 1398 disseris-
936 1334 1082 1400 Orientis
1098 1333 1271 1418 imperinm
1291 1332 1407 1410 seivit,
1429 1335 1680 1418 pontiiioeslio·

133 1433 224 1498 tione
254 1433 297 1496 de
326 1434 541 1498 marmoribus
568 1433 736 1513 Arabicis,
767 1450 801 1499 et
822 1459 880 1498 nu·
935 1437 1045 1515 msoi,
1072 1448 1108 1498 et
1128 1433 1217 1496 lulis
1236 1453 1314 1496 num
1338 1436 1589 1518 imperatoribus
1607 1435 1682 1499 ool·

135 1553 188 1598 mo
209 1533 375 1611 Arubioo,
407 1555 490 1618 quse
521 1535 645 1598 inserte
674 1549 725 1598 est
754 1539 881 1599 uemo·
935 1539 1009 1614 lisi,
1044 1536 1133 1622 quod
1154 1547 1335 1600 sanctarum
1357 1535 1532 1620 imaginum
1557 1536 1680 1599 uultum

135 1635 192 1698 riis
220 1634 504 1700 'l'revoitiensibus
533 1637 568 1696 in
588 1635 771 1699 Februario
794 1635 879 1719 ,1706
936 1641 1066 1722 ejurare
1090 1634 1303 1719 jubebuntur,
1333 1634 1515 1701 detrectaro
1536 1635 1680 1720 denique

135 1755 211 1820 psg.
236 1753 318 1818 ss7,
355 1755 398 1798 es
428 1734 605 1818 prescieris
635 1735 686 1798 bis
711 1736 880 1800 Burtbeio·
937 1737 1116 1824 obsequio,
1137 1737 1261 1812 uersis,
1288 1749 1345 1798 sut
1362 1737 1466 1821 pulsis
1483 1735 1603 1801 Grseoi
1622 1757 1681 1801 no·

137 1837 203 1918 mpi
232 1822 474 1900 oommentsriis
499 1849 599 1920 peret.
642 1837 798 1900 Ceterum
821 1839 881 1904 bs·
936 1841 1032 1904 m'inis
1056 1839 1205 1903 omnibus
1228 1838 1261 1900 in
1287 1837 1472 1903 libertatem
1493 1857 1567 1902 sese
1589 1837 1681 1902 sdse·

136 1937 379 2002 buissebrubss
394 1936 457 2019 jem
474 1939 690 2006 sseouioni.
706 1939 882 2023 pesthri·
935 1961 1048 2006 ruere.
1085 1939 1287 2025 Vrgenribns
1303 1937 1423 2004 denus
1440 1937 1679 2022 longobarbis,

135 2051 221 2103 stum
249 2051 413 2103 monetsm
437 2059 546 2116 susm,
574 2059 712 2124 eumque
737 2062 880 2120 nuruum,
935 2057 971 2106 et
987 2043 1112 2104 Romae
1128 2043 1190 2125 ipsi
1204 2041 1464 2117 imminentibus,
1485 2061 1560 2104 oum
1578 2042 1680 2124 irnpe-

135 2155 169 2206 et
198 2139 332 2225 propris
360 2161 417 2202 sus
447 2152 524 2203 nots
553 2139 737 2223 insignem,
767 2142 880 2206 duruit
936 2157 1062 2206 ratores
1084 2141 1204 2205 Graeci
1228 2127 1320 2206 ferre
1342 2160 1438 2224 opem
1462 2157 1517 2204 uus
1541 2141 1679 2218 nullent,

127 2241 258 2306 diserte
280 2241 423 2306 Zousrss
446 2245 502 2325 ¹),
533 2240 575 2306 de
601 2261 666 2326 quo
691 2243 879 2310 testimonio
934 2257 990 2308 sut
1011 2263 1078 2306 non
1098 2255 1253 2326 possent,
1282 2243 1387 2305 conosi
1408 2256 1482 2305 sunt
1506 2241 1677 2327 pontiiious

132 2355 251 2429 egetur
268 2341 358 2410 alibi.
935 2347 976 2407 fl.
989 2345 1209 2420 Francorum,
1227 2356 1261 2406 et
1278 2342 1334 2426 qui
1348 2355 1415 2404 tum
1428 2343 1479 2406 bis
1492 2342 1679 2427 prseiuere,

935 2446 1047 2510 Caroli
1066 2443 1373 2528 uurseui‚1³ipini,
1401 2444 1510 2508 Caroli
1526 2446 1573 2506 M.
1591 2444 1680 2508 suxi·

874 2529 907 2554 ”
934 2547 979 2610 iis
1005 2545 1066 2612 sibi
1087 2545 1281 2631 adjungere.
1323 2548 1451 2608 Horum
1478 2565 1542 2630 ope
1567 2545 1679 2611 sruotis

932 2647 1077 2732 primum
1098 2646 1244 2712 barbaris
1268 2648 1374 2713 riotor
1394 2646 1529 2731 Pipinus
1551 2628 1679 2732 pontib-

196 2747 349 2834 Deuique
368 2745 499 2812 barbari
516 2745 612 2813 etism
630 2747 732 2833 pirgii
748 2748 878 2834 pieoule
927 2749 1027 2813 -oibus
1064 2749 1273 2813 essrubutum
1308 2750 1530 2813 Ravennatem
1570 2751 1680 2825 nosris,

135 2869 170 2914 se
186 2849 399 2914 obstrinxisse
412 2848 542 2914 viderur
555 2870 671 2912 numus
682 2849 878 2917 Hsdrienil.
935 2871 1032 2936 quem
1051 2850 1092 2914 iis
1110 2869 1175 2913 nou
1191 2850 1294 2913 multo
1310 2863 1385 2933 post
1400 2849 1535 2912 Curolns
1548 2853 1594 2912 M.
1612 2851 1680 2912 De·

134 2971 237 3036 pspse
268 2951 470 3028 rarissimus,
498 2971 535 3015 so
557 2949 749 3035 singularis,
780 2972 878 3036 quem
936 2951 1059 3016 siderio
1085 2964 1254 3034 postremo
1276 2950 1569 3032 Longoburdorum
1595 2967 1677 3032 rege

133 3074 177 3118 es
199 3073 313 3117 museo
337 3073 396 3116 suo
423 3051 456 3114 in
478 3053 588 3116 iucem
612 3054 750 3135 protulit
773 3055 881 3117 Bene·
935 3052 970 3114 iu
995 3053 1128 3115 esiiium
1150 3051 1257 3134 ejecto
1282 3047 1503 3125 confirmarit,
1526 3049 1614 3135 quod
1633 3049 1680 3112 in·

135 3154 242 3220 dietus
258 3155 471 3216 Florurenses
486 3149 529 3234 b).
935 3167 1025 3217 otum
1055 3173 1140 3216 sunu
1165 3150 1240 3216 Chr.
1265 3158 1352 3230 774,
1390 3151 1446 3231 qui
1473 3151 1534 3212 fuit
1560 3150 1677 3213 tersius

193 3255 458 3322 HADRIANVS.
476 3254 542 3315 PP.
565 3255 720 3316 Prorome
737 3253 881 3317 Hadria·
934 3252 1092 3318 Hadriani
1109 3255 1135 3318 1.
1155 3253 1248 3335 Ergo
1265 3249 1293 3312 is
1312 3248 1395 3312 suctu
1411 3249 1453 3313 ud
1469 3251 1557 3334 vires
1571 3270 1678 3320 sueres

134 3355 568 3427 ni.tcvlcron1mnNN.
584 3355 877 3432 Crassuperbusi.
936 3355 1008 3440 opis
1047 3351 1204 3438 profnnue
1229 3351 1417 3414 accessione
1446 3349 1541 3416 nitius
1569 3353 1679 3435 eoepit

132 3460 212 3523 Isiou
230 3461 260 3522 R
276 3461 374 3522 illinc
389 3459 443 3535 n,
465 3459 583 3519 inimo
599 3453 762 3521 CONOB.
934 3457 1061 3520 efferre
1074 3467 1185 3539 ceput,
1208 3467 1241 3516 et
1256 3452 1366 3535 iacere
1380 3450 1590 3516 funduments
1607 3455 1677 3537 ejus

195 3559 329 3624 Nemini
353 3559 522 3643 Quorum,
550 3555 640 3617 numi
663 3553 757 3638 bujus
786 3575 878 3620 even
932 3556 1125 3641 potentine,
1160 3575 1255 3638 quem
1281 3553 1401 3618 deinde
1426 3555 1459 3616 in
1483 3555 1589 3618 omnis
1611 3553 1678 3618 sori

131 3681 200 3726 sem
218 3661 253 3722 irs
269 3661 374 3723 numis
388 3657 495 3722 eureis
507 3657 741 3740 imperatorum
760 3657 879 3721 Orien·
934 3657 1039 3722 oeusis
1054 3675 1157 3742 puene
1173 3653 1329 3718 infinitam
1344 3667 1499 3740 expertus
1512 3669 1562 3718 est
1577 3657 1677 3736 orbis,

131 3763 173 3827 tis
192 3763 319 3826 obvium
335 3781 427 3839 esse,
447 3761 634 3844 tritumque.
661 3761 787 3826 Verum
806 3761 877 3846 quis
933 3760 1090 3845 cujusque
1121 3757 1211 3822 solut
1235 3756 1363 3840 quidum
1391 3757 1513 3832 cerdo,
1548 3745 1676 3841 praelo·

131 3863 303 3934 Victorino
325 3883 398 3928 oum
421 3861 583 3946 pontiiiois
599 3864 640 3927 R.
661 3861 803 3946 imagine
821 3884 877 3928 ne·
931 3863 1040 3936 dium,
1063 3860 1268 3945 primumque
1285 3873 1449 3921 tentumen
1465 3857 1527 3920 fuit
1546 3874 1676 3924 moneta

132 3965 218 4030 xus?
238 3967 323 4028 Rom
339 3966 535 4027 insolentem
550 3964 597 4028 sio
614 3963 755 4048 explicet
770 3967 878 4030 Murs-
930 3962 1079 4049 publius,
1096 3963 1236 4046 imegine
1255 3981 1327 4035 suu,
1344 3960 1571 4044 imperantium
1587 3961 1676 4044 prin·

132 4067 251 4142 torius,
269 4064 324 4150 qui
339 4085 470 4129 nnmsns
484 4066 794 4148 honorarium:
817 4068 878 4131 Ius
933 4064 1042 4148 oipum
1073 4083 1190 4140 more,
1219 4061 1381 4144 insignis,
1413 4061 1504 4142 cujus
1529 4076 1676 4145 pareest

133 4169 301 4231 cudendae
319 4182 469 4230 monetur
487 4169 556 4246 jam
581 4173 745 4250 occepisse
768 4171 878 4232 uiden-
932 4186 1072 4241 numns‚
1106 4164 1141 4225 in
1167 4183 1230 4248 qno
1252 4183 1386 4236 sumus,
1425 4161 1512 4246 quod
1538 4183 1579 4226 ue
1604 4165 1674 4248 ipse

132 4282 190 4332 tur
203 4269 349 4330 Romani
359 4265 531 4352 praefices
549 4289 570 4330 n
587 4269 724 4332 Graecis
740 4271 878 4353 imperu-
933 4266 1064 4350 quidem
1085 4265 1298 4330 Floruvunres
1327 4262 1509 4340 inficietur,
1536 4264 1617 4328 bueo
1638 4266 1673 4328 iu

131 4370 272 4435 toribus.
318 4367 383 4432 Sed
396 4373 471 4447 quis
489 4369 597 4432 adhue·
614 4373 706 4434 urbis
723 4373 877 4435 dominus
933 4368 1004 4452 ejus
1021 4367 1238 4452 espliosnione
1255 4383 1380 4450 ponens
1396 4361 1448 4446 d)r
1462 4369 1674 4448 praetermis·

122 4473 235 4556 feret,
256 4471 426 4534 indicatur
447 4491 508 4553 prr
533 4470 640 4552 siglas
665 4472 746 4536 ilios
766 4471 874 4538 DML
932 4493 1004 4534 sum
1026 4474 1062 4534 in
1085 4491 1124 4532 eo
1146 4471 1358 4552 Imperatoris
1380 4489 1496 4530 nomen
1518 4471 1673 4544 ostendit,

168 4699 199 4762 a)
219 4695 253 4755 b.
267 4696 346 4754 XIV.
366 4718 392 4754 c.
408 4707 453 4758 22.
525 4696 562 4770 b)
581 4697 769 4774 Antiquioree
787 4703 871 4760 Pont.
887 4699 972 4760 lium.
988 4697 1101 4758 denarii
1119 4718 1150 4776 p.
1167 4712 1191 4760 ι.
1265 4700 1297 4770 c)
1315 4695 1414 4772 Antiq.
1429 4694 1492 4754 Ital.
1512 4695 1589 4752 med.
1608 4694 1672 4752 euri

132 4789 165 4844 T.
184 4789 220 4846 11.
239 4786 310 4844 diss.
326 4785 447 4848 xxvn.
466 4805 496 4862 p.
512 4797 574 4852 548.
648 4788 683 4862 d)
702 4789 722 4846 l.
739 4812 763 4849 c.
782 4810 813 4868 p.
831 4805 873 4853 ιο.
