4338 5554
492 620 495 629 ι
557 591 634 657 azo
705 571 896 648 ctrvr
919 572 979 644 111.
1015 571 1090 642 uu
1125 546 1499 664 triumuir.
1534 565 1645 638 utu..
1675 565 1949 640 ιιιιινιιιιι.

559 743 746 826 permisisse
764 744 811 806 uti
825 747 982 824 majorum
994 736 1153 822 iustitutis
1168 739 1206 818 ¹).
1220 735 1308 796 Ilur-
1359 735 1448 820 quod
1467 736 1600 814 attinet,
1621 749 1761 800 testatur
1779 736 1825 798 de
1845 737 2000 799 Nemauso
2012 735 2072 797 Stre

561 865 631 905 sum
670 845 891 928 iuterrogatus
929 865 946 906 a
979 825 1104 904 Plinio'·
1128 827 1302 919 Trajauas,
1359 827 1525 912 boscum
1546 848 1574 900 ι’
1594 836 1782 923 praesidum
1814 839 1857 900 lt.
1888 837 2072 920 jurisdictione

559 959 670 1008 utrum
691 945 790 1009 aedes
815 943 930 1007 Matris
949 947 1108 1026 biegnae,
1135 959 1217 1025 quae
1242 937 1304 1000 luit
1359 938 1460 1003 luisse
1475 939 1652 1003 immunem
1665 939 1708 1022 f).
1737 938 1955 1002 Patrensibus
1968 937 2073 1000 Achaiae

560 1044 792 1122 Nicomediae,
825 1048 913 1110 salva
943 1043 1107 1127 religione
1138 1041 1241 1124 possit
1269 1042 1301 1101 iu
1360 1040 1487 1104 colonia
1502 1059 1694 1104 eoncessum
1716 1040 1755 1104 ab
1772 1040 1944 1123 Augusto,
1961 1037 2072 1102 utiles

561 1148 658 1210 alium
668 1147 777 1209 locum
789 1146 968 1223 transferri,
983 1141 1170 1228 respondite
1193 1143 1302 1206 selum
1358 1152 1430 1203 tate
1448 1161 1504 1204 sua
1526 1156 1698 1206 uterentur
1721 1144 1764 1224 s).
1815 1141 1902 1206 Cum
1924 1141 2016 1206 vellet
2033 1137 2073 1198 ttt

554 1250 749 1329 peregrinae
770 1251 922 1310 civitatis
937 1265 1047 1327 copae
1069 1266 1134 1306 nort
1156 1265 1226 1308 esse
1249 1246 1304 1305 ‹le-
1358 1243 1430 1304 nitas
1459 1259 1664 1326 cognoscere
1689 1244 1847 1307 coloniae
1876 1245 2026 1340 Apameae
2041 1243 2073 1298 B't

557 1351 758 1423 dicationis,
781 1369 865 1429 quae
876 1344 924 1431 fit
944 1359 1056 1408 nostre
1067 1347 1143 1425 jure
1157 1343 1199 1426 Ιι).
1237 1344 1302 1410 »Est
1358 1343 1489 1425 tbyuiae
1506 1346 1633 1408 reditus
1653 1358 1686 1408 et
1704 1343 1898 1428 impendia,
1920 1361 2072 1426 respousau

556 1466 639 1512 sero
652 1452 828 1530 peregrina
843 1451 980 1523 civitas,
996 1467 1079 1530 quae
1092 1446 1221 1530 legibue
1236 1447 1301 1510 suis
1360 1457 1410 1505 est
1426 1443 1466 1505 ab
1481 1444 1671 1528 oppidanis,
1689 1446 1841 1509 rationes
1859 1468 1934 1509 suas
1950 1463 2073 1526 nunqua

557 1549 670 1613 utitur.
714 1549 770 1613 Sic
793 1548 869 1612 leoo
891 1569 988 1631 supra
1012 1547 1156 1612 iudicato
1174 1549 1302 1616 Tullius
1329 1567 1333 1580 ·
1360 1565 1433 1608 ease
1447 1547 1551 1609 lactea
1564 1547 1604 1608 ab
1622 1546 1692 1610 ullo
1708 1549 1967 1631 proconsulum
1984 1543 2072 1606 babuit

557 1650 637 1714 dixit
646 1655 837 1733 peregrines
846 1650 990 1728 judices,
1004 1669 1124 1734 nempe
1138 1650 1193 1733 qui
1202 1650 1304 1714 Grae·
1359 1667 1395 1710 se
1411 1647 1638 1731 privilegium,
1654 1662 1688 1711 et
1699 1649 1962 1714 vetustissimum
1974 1665 2073 1710 morou.

557 1755 603 1817 cis
625 1750 739 1815 liberis
761 1751 811 1832 jus
833 1750 967 1827 dixere,
999 1764 1031 1814 et
1059 1751 1176 1814 eodem
1205 1771 1306 1815 seusu·
1359 1749 1496 1826 arbitrio
1518 1770 1577 1813 suo
1597 1747 1701 1834 re‘mp.
1722 1750 1956 1814 administrare
1972 1745 2008 1828 ¹¹).
2033 1747 2073 1808 le

556 1855 702 1916 Graecos
724 1853 906 1934 Bithynos,
933 1852 991 1936 qai
1012 1851 1223 1916 Nicomediae
1247 1852 1302 1914 de·
1358 1870 1432 1913 rum
1456 1851 1539 1914 baec
1568 1852 1637 1916 sive
1660 1851 1850 1917 autonomia
1883 1853 1953 1916 sive
1977 1849 2073 1910 liberta

556 1955 698 2039 gebaut,
738 1953 840 2033 ξιιις,
874 1957 1090 2034 peregriaos,
1122 1954 1209 2016 dixit
1234 1955 1305 2016 Dio
1358 1975 1452 2039 quam
1469 1952 1570 2016 fuerit
1587 1954 1784 2038 plerumque
1798 1953 1952 2038 precaris
1971 1965 1999 2014 et
2013 1951 2072 2010 elusa

557 2055 742 2137 Cassiusc).
780 2057 872 2138 Ergo
891 2051 1015 2117 liberae
1034 2055 1180 2117 civitatee
1198 2055 1301 2117 inre·
1357 2055 1540 2119 adomiuis
1561 2055 1738 2130 Romania,
1775 2077 1854 2126 uuus
1894 2076 1936 2119 ex
1964 2051 2073 2116 adductis

555 2158 687 2244 ligiouis
713 2175 843 2240 quoque
870 2154 1005 2238 bogosio
1030 2155 1095 2217 auis
1119 2157 1304 2238 permisere
1356 2155 1514 2220 hactonus
1533 2155 1692 2238 exemplis
1710 2157 1786 2220 satis
1802 2158 1964 2232 vidimus,
1981 2169 2035 2216 tura
2048 2171 2072 2212 at

553 2259 695 2342 legibus.
739 2253 865 2318 Similia
882 2254 1033 2336 exempla
1050 2256 1145 2337 plura
1166 2271 1300 2340 possent
1355 2277 1518 2340 responso
1544 2257 1677 2338 Traiani
1705 2257 1746 2318 ad
1775 2272 1985 2340 praesentem
2005 2255 2071 2318 Plini

554 2381 594 2421 ex
617 2357 831 2441 scriptoribus
854 2358 1032 2432 cumulari,
1060 2378 1098 2420 ec
1121 2360 1298 2442 praecipue
1356 2361 1528 2444 epistolam
1545 2357 1673 2420 abunde
1691 2371 1802 2443 potest
1820 2361 1960 2446 colligi,
1980 2379 2030 2442 qua
2044 2355 2071 2427 it·

554 2482 595 2525 ex
616 2459 746 2522 laudato
768 2467 865 2541 supra
895 2457 1032 2521 decreto
1061 2447 1301 2544 senatusque
1355 2461 1413 2524 bet
1430 2460 1663 2544 proconsulem
1680 2461 1847 2543 inspicere
1866 2463 2008 2526 rationes
2017 2460 2073 2536 sp·

552 2561 641 2626 varia
667 2560 841 2644 privilegia
865 2579 1035 2625 accessere
1058 2561 1301 2624 Termesseusi·
1355 2563 1516 2628 meusium
1538 2566 1641 2624 salvis
1663 2573 1771 2625 tamen
1793 2583 1883 2642 quae
1901 2565 2013 2626 habeut
2028 2580 2071 2636 pf·-

552 2664 614 2726 baa
637 2661 783 2724 Pisidiae
796 2659 851 2741 (¹),
879 2675 912 2723 et
939 2679 1021 2745 qaae
1047 2660 1108 2724 alia
1133 2683 1229 2744 cupra
1257 2682 1299 2726 ex
1355 2667 1499 2746 ollegiis.
1544 2665 1673 2726 Interea
1693 2664 1932 2750 qualiacunque
1950 2657 2071 2726 baeolait

553 2764 743 2850 Spanltemii
787 2760 908 2844 judicio
948 2764 1226 2838 commemoravi,
1266 2775 1300 2824 et
1356 2766 1516 2830 libertatis
1545 2764 1680 2841 umbra,
1713 2780 1823 2830 emen
1860 2767 1958 2831 etiam
1986 2765 2070 2825 bactu

491 2908 500 2925 .
552 2862 894 2932 commemorabuntur
921 2863 1026 2946 capite
1053 2876 1234 2947 sequente,
1264 2865 1319 2948 iu,
1357 2867 1697 2933 communicatorum
1727 2868 1850 2952 jurium
1879 2869 1998 2952 jactura
2021 2882 2072 2924 con·

551 2989 618 3054 quo
635 2966 677 3030 de
696 2964 831 3028 urbibus
849 2964 961 3028 amicis
978 2978 1013 3027 ot
1028 2965 1206 3029 foederatis
1221 2985 1298 3049 age·
1351 2972 1436 3036 tenti
1451 2973 1546 3034 fuere
1557 2968 1713 3032 Graeculi
1727 2970 1900 3034 titulorum
1917 2964 2070 3034 avidissimi.

551 3085 614 3134 tur.
659 3069 732 3132 Etsi
754 3086 957 3151 nequaquam
981 3067 1118 3144 mirum,
1149 3069 1300 3132 civitates
1354 3071 1565 3167 Quapropter
1587 3071 1838 3134 humanissimas
1856 3072 1982 3136 Plinius
2000 3063 2072 3128 llari·

551 3169 749 3256 peregrinas
768 3190 826 3231 sua
840 3169 1057 3253 qualicunque
1075 3169 1176 3232 fuisse
1199 3169 1299 3232 liber·
1353 3196 1442 3238 mum
1463 3175 1497 3236 iu
1514 3172 1670 3236 Achaiam
1686 3175 1770 3258 reip.
1787 3195 1885 3240 causa
1902 3175 2024 3238 missum
2039 3165 2071 3224 bit

549 3289 616 3339 tate
636 3273 776 3359 gavisae,
798 3270 927 3357 quaudo
944 3273 1047 3335 victos
1066 3272 1177 3335 ltaliae
1196 3293 1298 3358 popu·
1353 3277 1464 3341 verbis
1479 3275 1651 3338 admouet:
1677 3276 1769 3340 Hebe
1787 3291 1868 3340 aute
1886 3277 2012 3346 oculos,

549 3381 619 3455 loa,
641 3389 737 3460 atque
750 3375 839 3458 ,ipsas
857 3373 954 3438 etiam
975 3373 1119 3437 colonias
1135 3376 1299 3438 Romanas
1355 3381 1512 3441 Athenas
1531 3399 1617 3456 esse,
1639 3397 1723 3456 quea
1742 3379 1861 3454 adeor,
1882 3377 2071 3442 Lacedaemo

550 3479 617 3540 suis
642 3477 776 3539 relictas
795 3475 946 3559 legibus,
968 3489 1001 3537 et
1020 3475 1177 3537 similibus
1198 3477 1299 3560 priti·
1353 3501 1426 3542 nem
1442 3500 1532 3554 esse,
1553 3497 1654 3556 quem
1670 3499 1783 3560 regas,
1802 3481 1924 3558 quibus
1940 3477 2072 3552 reliqum

551 3579 649 3662 legiis
675 3575 791 3639 leuitas
818 3577 971 3660 legimus.
1013 3575 1066 3638 De
1084 3577 1215 3660 populis
1237 3579 1298 3638 lta·
1355 3578 1600 3656 VMBRAM,
1620 3593 1654 3642 et
1678 3582 1847 3644 resiliam
1873 3569 2071 3644 LIBERTA·

551 3681 615 3743 liae
641 3676 717 3741 ride
747 3695 831 3762 quae
867 3678 962 3760 plura
1000 3678 1152 3760 exempla
1189 3677 1299 3741 adfert
1359 3679 1431 3744 TIS
1452 3677 1628 3744 NOMEN
1647 3683 1791 3758 ert‘pcre,
1813 3683 1933 3748 durum
1948 3727 1957 3756 ‚
1973 3683 2072 3762 strar.

554 3778 769 3866 Spaubemius
791 3777 833 3860 υ).
884 3775 939 3840 Διὶ
968 3777 1113 3844 colanias
1135 3779 1300 3845 Romanas
1353 3784 1592 3860 barbarumque
1607 3793 1657 3844 est
1677 3775 1716 3862 i).

554 4521 2070 4568 ..Ἣ-..Μ

583 4641 613 4703 at
635 4597 839 4707 cerusa.
912 4631 1270 4714 ιιιίιιιιιεμερ..
1323 4635 1569 4708 auctam.
1633 4631 2065 4715 a)ssaraaatascapt.p.÷e

546 4729 577 4796 a)
600 4725 671 4784 Orb.
690 4727 777 4782 Rom.
798 4721 944 4799 cap.Xll.
972 4743 1003 4799 p.
1020 4744 1058 4784 m.
1074 4729 1120 4798 69.
1140 4740 1169 4785 et
1187 4725 1346 4787 Exercitus
1364 4726 1402 4784 ll.
1431 4747 1456 4786 e.
1473 4726 1523 4784 tx.
1549 4747 1579 4804 p.
1598 4741 1660 4803 t9t.
1752 4727 1785 4800 l)
1805 4727 1842 4786 1..
1858 4727 1908 4789 tv.
1927 4747 1954 4804 p.
1974 4741 2006 4778 ru.
2026 4727 2070 4774 lu'·

545 4828 576 4894 gj
600 4811 1044 4890 Pausau.L.Vll.1t·m.569.
1118 4815 1153 4889 lt)
1175 4815 1207 4875 1..
1225 4815 1261 4874 X.
1282 4834 1329 4891 sp.
1349 4819 1393 4880 56.
1469 4817 1546 4890 tjta.
1569 4817 1778 4892 tutemet.
