4372 5556
1179 511 1459 596 ,ttvtttota

1026 1107 1604 1197 NVMIDIA.

538 1510 699 1622 Restant
722 1556 763 1622 ad
782 1555 957 1622 finiendam
977 1556 1211 1642 geographiam
1232 1575 1290 1616 nu·
1347 1553 1471 1618 tinente
1518 1553 1552 1617 in
1587 1552 1710 1622 vicinas
1745 1554 1867 1621 insulas
1898 1557 2095 1622 Fortunatas

540 1659 756 1724 mismuticam
777 1672 944 1724 extremae
976 1658 1010 1720 iu
1032 1679 1182 1723 oceasum
1203 1656 1292 1719 Afri·
1347 1655 1566 1738 transgressi,
1595 1656 1707 1740 ibique
1729 1659 1821 1742 longi
1857 1657 1982 1724 laboris
2009 1683 2093 1724 mer·

542 1782 604 1826 cae
637 1761 794 1844 regiones
822 1759 995 1837 Numidia,
1025 1773 1059 1822 et
1080 1757 1290 1822 Mauretania.
1348 1755 1430 1820 cade
1446 1755 1558 1833 beari,
1581 1757 1610 1820 si
1627 1758 1727 1823 modo
1746 1759 1807 1836 iis,
1829 1779 1911 1846 quae
1935 1763 2093 1827 lacteum

542 1865 690 1946 Vtraque
712 1861 808 1948 regio
827 1880 930 1944 usque
949 1861 990 1927 sd
1009 1861 1183 1924 Caesarum
1204 1871 1292 1923 seta·
1348 1857 1482 1940 scripsi,
1504 1858 1624 1922 eruditi
1645 1861 1782 1925 lectoris
1798 1861 1916 1932 rideat·
1937 1863 2093 1950 suffragia

542 1980 609 2029 tem
631 1967 665 2026 in
686 1963 792 2025 numis
820 1962 953 2044 ignota,
987 1964 1015 2026 si
1045 1981 1161 2028 numos
1190 1958 1289 2034 lubae
1346 1957 1555 2043 promeritae.

544 2070 568 2130 l.
591 2067 725 2141 demas,
763 2063 865 2146 magis
903 2061 1024 2126 deinde
1054 2061 1115 2124 snb
1144 2060 1289 2142 regibus,

543 2185 627 2250 quos
657 2164 814 2230 Caesares
848 2164 1059 2246 imposuere,
1096 2163 1225 2279 eoepib
1242 2161 1290 2222 in·

544 2268 743 2329 clarescere.
796 2267 924 2327 Horum
953 2283 1058 2348 reguo
1095 2285 1113 2326 a
1142 2263 1291 2345 Caligula·

545 2385 664 2432 everso
699 2364 761 2426 init
794 2386 858 2428 uua
888 2365 1016 2428 colonia
1043 2364 1174 2442 Babba,
1205 2383 1289 2449 quae

544 2466 701 2547 deinceps
730 2484 846 2527 numos
874 2463 976 2528 ferire
1013 2466 1181 2548 perrexit,
1210 2484 1289 2549 quo·

543 2587 617 2630 rum
638 2578 823 2649 postremus
851 2579 956 2630 exstet
982 2587 1056 2630 cum
1085 2567 1191 2650 capite
1214 2565 1290 2628 Gal·

543 2668 615 2731 bae.
662 2669 786 2730 Tamen
804 2665 963 2750 deinceps
981 2668 1015 2729 in
1031 2667 1136 2730 numia
1152 2665 1289 2730 Hadria·

543 2771 594 2846 ni,
611 2768 767 2832 Antonini
782 2769 853 2847 Pii,
875 2783 908 2832 et
922 2769 1110 2847 Commodi,
1128 2769 1189 2833 sed
1203 2789 1289 2833 eom·

543 2873 639 2935 matis
659 2871 816 2947 Romani,
846 2869 883 2932 fit
911 2870 1034 2934 mentio
1056 2872 1292 2947 Mauretaniae,

1504 2213 1684 2279 HIPPO
1717 2214 1938 2286 tinette.

1409 2410 1496 2481 Vrbs
1518 2413 1552 2476 S.
1576 2416 1750 2500 Augustini
1772 2419 1964 2504 episcopatu
1994 2423 2088 2496 clara,

1346 2513 1406 2576 sed
1421 2534 1595 2578 numerum
1617 2519 1759 2598 sterilis3
1780 2541 1854 2585 nam
1875 2541 1958 2607 ques
1978 2525 2089 2588 inseri·

1345 2629 1420 2698 ptos
1437 2616 1473 2680 C.
1489 2615 1530 2681 G.
1552 2619 1578 2678 1.
1595 2615 1639 2683 ld.
1655 2617 1693 2685 P.
1714 2619 1755 2686 A.
1779 2621 1855 2684 huic
1876 2623 2014 2706 largitus
2039 2641 2087 2688 est

1344 2717 1557 2798 Vaillaulius,
1580 2721 1762 2816 essedarii
1778 2723 1919 2806 Mysiae,
1941 2727 2088 2808 inhujus

1347 2819 1497 2886 coloniae
1518 2822 1626 2885 oumis
1648 2821 1827 2889 docuimus.

546 2973 669 3057 scripto
684 2985 872 3036 constanter
882 2971 1191 3051 MAVRE'I‘ANIA,
1208 2993 1291 3058 quos
1431 3043 1438 3056 ‚

545 3075 622 3138 olim
649 3075 682 3136 iu
707 3075 796 3138 serie
820 3095 876 3138 sua
902 3073 1057 3139 dabimus.
1101 3076 1169 3138 lam
1197 3094 1291 3162 erge,
1618 3095 1649 3162 γ
1670 3096 1701 3157 A
1721 3096 1752 3159 G
1773 3100 1814 3158 A,

543 3177 601 3262 qui
623 3177 663 3240 ab
686 3176 841 3260 Hispania
867 3176 1052 3240 Lusitmics
1073 3175 1209 3242 Oceano
1234 3177 1292 3238 At·

545 3280 665 3344 lantico
702 3277 804 3343 adsita
837 3279 994 3361 Apolline
1028 3280 1162 3343 Moneta
1204 3277 1291 3342 daec
1404 3279 1528 3343 Numos
1544 3279 1649 3342 litoris
1663 3280 1823 3344 Africanis
1838 3281 2011 3369 inscriptos
2028 3289 2087 3354 hac

542 3381 629 3445 viam
650 3379 792 3462 ingressi
819 3399 952 3456 sumus,
983 3379 1126 3455 itinere,
1159 3379 1188 3441 si
1218 3397 1291 3442 cur-
1345 3378 1452 3442 refert
1479 3381 1521 3444 cl.
1544 3381 1725 3464 Dutens·).
1770 3383 1838 3448 Sed
1859 3385 1900 3450 de
1922 3393 2029 3454 numia
2051 3395 2089 3454 si·

545 3503 617 3544 sum
632 3493 778 3564 spectes,
798 3481 889 3544 velut
905 3480 1069 3556 circensi,
1091 3479 1133 3542 ad
1148 3465 1289 3540 auidam
1346 3479 1417 3540 mili
1443 3481 1633 3547 charactere
1662 3488 1779 3547 notatis
1812 3489 1938 3570 egimus
1968 3493 2001 3552 iu
2030 3507 2087 3556 tra·

547 3581 715 3644 Oceanum
731 3578 950 3656 revertimur,
968 3578 1029 3644 viai
1043 3575 1137 3643 nobis
1153 3598 1196 3640 ex
1214 3597 1291 3642 con-
1346 3595 1435 3647 statu
1456 3587 1498 3648 de
1524 3586 1629 3652 nomia
1650 3587 1848 3656 Phoeniciis.

1146 4680 1151 4689 Ι
2157 4619 2158 4650 t

471 4805 478 4818 ο
579 4733 610 4806 a)
631 4731 715 4812 Expl.
735 4734 773 4792 dc
793 4735 891 4813 quelq.
910 4737 989 4796 med.
1008 4759 1038 4816 p.
1057 4744 1105 4805 67.
1121 4755 1151 4800 et
1170 4755 1228 4808 132.
