4430 5564
541 496 617 566 iaz
962 584 966 598 .
1149 471 1340 548 ctevu
1373 473 1522 546 xxttt..
1654 529 1656 536 .

386 709 422 750 ..··
542 651 613 712 sire
631 651 738 710 'eausa
766 639 927 726 parandus
954 660 1118 720 annonae,
1149 643 1219 708 sire
1241 641 1290 706 lu·
1346 643 1406 706 bae
1446 639 1688 707 Mauretaninee
1731 643 1774 710 D.
1805 642 1848 710 D.
1888 643 2023 712 PVBL.
2064 641 2093 704 id

540 751 658 814 dorum
678 746 788 810 datum
809 741 967 806 aedilibus
989 765 1045 808 uos
1068 743 1172 820 rode,
1200 744 1288 828 quod
1346 729 1411 808 est:
1434 746 1813 810 DecretoDeeuriorrum
1832 747 2030 827 RVBLico,
2047 756 2093 808 et:
2175 728 2176 780 l

541 849 662 916 deinde
688 849 728 914 ad
754 857 959 931 praesentem
985 867 1079 907 nsum
1103 844 1221 908 flarent
1241 845 1290 907 fe·
1345 847 1416 912 Eli.
1442 847 1784 914 CONSENSV··DD.
1823 829 1874 910 In'
1892 847 2007 912 numie
2030 848 2094 916 Vti·

529 939 663 1029 ricem,
698 951 812 1014 additis
839 968 881 1011 ex
907 945 1006 1010 simili
1032 967 1127 1010 censa
1151 946 1289 1012 nomini·
1346 968 1422 1013 eae:
1445 949 1517 1009 DD.
1535 949 1600 1010 ΡΡ.

543 1057 604 1120 bus
627 1052 704 1118 suis.
1354 1106 1358 1114 .
1410 1052 1447 1113 In
1466 1035 1652 1131 municipiis
1668 1067 1799 1134 quoque
1819 1047 1925 1115 fuisso
1947 1049 2092 1116 decurio·

1345 1171 1424 1230 nes,
1461 1166 1588 1214 eertum
1613 1162 1663 1213 est
1687 1171 1762 1213 cum
1788 1172 1828 1213 ex
1852 1157 1967 1218 numia
1992 1152 2092 1217 Oscae
2175 1145 2177 1166 ⁴

730 1265 758 1374 ς
786 1273 842 1356 Ἦ·
867 1287 1084 1350 mentiones·
1342 1253 1432 1336 apud
1456 1253 1667 1330 Florezium,
1700 1266 1734 1316 et
1757 1253 1889 1331 Vticae,
1919 1255 1956 1316 in
1984 1255 2092 1338 quibus

761 1335 769 1352 ⁰
1344 1357 1421 1417 DD
1443 1376 1638 1438 expressum
1661 1355 1803 1438 legitur,
1829 1369 1899 1420 tum
1923 1377 1970 1420 ex
1991 1369 2091 1419 aucto·

600 1459 655 1522 De
671 1454 722 1520 his
739 1452 984 1537 jamprineipio
1006 1451 1113 1536 aliqua
1135 1448 1286 1527 delibata,
1344 1455 1452 1533 ribus,
1474 1476 1560 1540 quos
1578 1457 1666 1520 inter
1685 1456 1861 1520 Suetonius
1884 1455 1938 1540 d),
1974 1460 2092 1536 Corpus
2177 1473 2178 1500 ι

541 1580 650 1643 neque
673 1557 776 1622 multo
801 1557 895 1640 plura
914 1553 1052 1624 dicenda
1069 1566 1202 1617 restant.
1232 1552 1288 1614 Ni·
1343 1560 1537 1628 decuriones
1561 1561 1817 1639 municipiorum
1834 1571 1869 1622 et
1886 1561 2090 1622 coloniarum

540 1663 660 1726 mirum
693 1657 781 1745 quod
815 1660 939 1722 Romae
972 1657 1067 1720 inere
1101 1667 1285 1729 senatores,
1344 1680 1365 1720 u
1402 1657 1492 1722 Nolo
1530 1659 1683 1724 Bouillas
1722 1681 1825 1740 usque
1862 1663 2088 1743 deportarunt.

540 1765 629 1829 istud
642 1765 681 1825 in
695 1759 833 1825 coloniis
850 1759 1055 1823 decuriones.
1088 1757 1149 1818 His
1172 1775 1286 1820 neces·
1342 1760 1487 1823 Eaedem
1512 1760 1628 1824 literae
1652 1775 1830 1825 occurrunt
1853 1763 1956 1826 etiam
1980 1762 2015 1824 in
2038 1781 2089 1822 nn·

526 1853 578 1933 'ee
596 1867 658 1934 fuit
676 1884 752 1928 esso
771 1883 904 1926 censum
921 1874 1051 1926 centnm
1068 1859 1224 1935 millium,
1251 1870 1285 1921 et
1341 1863 1404 1926 mis
1422 1862 1675 1948 municipiorum
1694 1864 1902 1946 Calagurris,
1925 1861 2088 1944 Emporia·
2178 1862 2179 1906 t

539 1990 582 2033 ex
620 1987 736 2031 eornm
769 1984 909 2027 numero
944 1965 1029 2047 cepti
1062 1962 1283 2046 magistratus,
1341 1986 1432 2043 rum,
1451 1966 1646 2042 Ercavicuo,
1666 1978 1701 2032 et
1718 1965 1871 2048 Sagunti,
1889 1964 1954 2028 ced
1972 1963 2036 2040 sic,
2058 1975 2087 2022 nt

540 2065 813 2156 quemadmodum
835 2079 868 2128 et
884 2065 1001 2128 horum
1016 2063 1179 2147 suffragiis
1195 2082 1284 2126 crea·
1340 2087 1407 2130 nou
1434 2067 1561 2136 matrici
1584 2068 1709 2132 fuerint
1733 2067 1937 2149 insculptae,
1965 2064 2026 2128 aed
2046 2063 2087 2124 in·
2179 2092 2180 2161 p

538 2175 565 2238 ti
588 2173 682 2236 fuere
707 2169 829 2252 licini,
853 2166 1013 2249 preelecti
1038 2165 1110 2248 jure
1142 2161 1284 2227 dicundo
1342 2181 1408 2232 star
1424 2169 1592 2252 signorum
1605 2169 1795 2234 incusoru
1811 2167 1989 2244 adhibitae,
2007 2163 2084 2250 qood

539 2287 602 2339 etc.
641 2270 848 2333 Decuriones
877 2268 1055 2350 conscripti
1081 2267 1161 2332 dicti
1185 2265 1283 2329 inere
1341 2271 1374 2332 in
1402 2271 1604 2335 coloniarum
1630 2271 1738 2334 numia
1762 2272 1911 2336 nondum
1943 2267 2087 2332 obtem·

539 2377 636 2450 ordo,
662 2369 772 2433 addito
792 2368 928 2429 honoris
949 2388 1042 2430 causa
1059 2369 1285 2448 splendidissi·
1342 2386 1420 2437 tum.
1462 2374 1516 2435 Ex
1549 2392 1616 2458 qno
1650 2371 1773 2454 colligo
1807 2371 1928 2446 etiam,
1972 2365 2084 2432 Tradu-

538 2496 627 2549 mus,
657 2471 900 2551 “mplltsl'msssr
933 2469 995 2533 0'10·
1019 2469 1100 2533 dicti
1121 2469 1217 2533 elim
1237 2469 1285 2528 in·
1342 2488 1426 2539 ctum
1451 2473 1626 2552 Baeticae,
1656 2474 1690 2536 in
1720 2472 1812 2553 cujus
1842 2489 1947 2536 numo
1978 2469 2083 2533 eudem

537 2574 667 2641 tertium
683 2571 773 2634 urbis
789 2569 943 2652 exemplo
959 2583 1143 2647 senatorer,
1158 2581 1284 2650 potres,
1343 2588 1511 2658 comparet
1536 2589 1634 2654 uota,
1671 2573 1840 2657 municipii
1869 2586 1997 2638 tuntum
2021 2571 2082 2651 jura

538 2676 713 2763 praecipue
751 2672 927 2735 inclinante
965 2670 1125 2754 imperio,
1162 2670 1286 2754 reliqui
1343 2677 1507 2742 habuisse.

537 2775 642 2866 plebs,
664 2773 826 2857 populus,
851 2776 955 2850 cives,
977 2774 1098 2838 coloni.
1132 2771 1217 2840 Vide
1242 2770 1284 2836 de
1405 2778 1596 2849 Verisimile
1614 2789 1682 2855 eet,
1704 2788 1833 2840 notatos
1854 2771 1962 2843 fuisse
1980 2775 2014 2840 iu
2032 2793 2082 2836 uu·

517 2881 691 2947 ''unirersa
722 2876 783 2938 hac
815 2874 943 2938 ratione
974 2875 1070 2958 plura
1100 2887 1283 2958 opportune
1342 2880 1404 2944 mis
1427 2879 1642 2959 decuriones,
1668 2879 1744 2966 quia
1762 2877 1803 2942 ud
1824 2878 1885 2942 hos
1908 2880 1963 2944 rei
1983 2893 2083 2941 mone·

538 2987 679 3053 collecte
703 2975 943 3060 aNorisi01),
973 2991 1008 3042 et
1032 2976 1137 3040 terius
1165 2999 1183 3040 e
1208 2976 1287 3040 Flu·
1342 2983 1445 3048 tariae
1471 2984 1657 3067 negotium,
1690 2993 1765 3065 post
1789 2979 2000 3064 impetratum
2022 2977 2082 3040 site

430 3129 435 3140 ι
537 3088 632 3154 reric
653 3084 697 3167 b).
1341 3084 1383 3148 ab
1399 3085 1574 3168 Augustis,
1598 3083 1666 3152 sire
1690 3096 1804 3148 senatu
1820 3084 1861 3148 tt.
1881 3081 2080 3167 permissum·

599 3185 825 3253 Decurionnm
848 3181 978 3245 nomine
1001 3179 1206 3246 coloniorum
1225 3201 1285 3243 nu·
1342 3199 1488 3272 spectato
1520 3185 1686 3278 pondere,
1717 3184 1819 3270 typis,
1855 3179 1997 3250 numero
2025 3193 2080 3246 ete.

538 3291 601 3358 mic
631 3287 787 3372 inscripta
817 3304 980 3371 nunquam
1010 3282 1185 3367 leguntur,
1224 3281 1284 3346 aed
1341 3287 1473 3355 ridetur
1502 3289 1713 3372 pertinuisse.
1756 3287 1802 3354 Vt
1839 3307 1922 3373 ergo
1963 3297 2082 3351 senatus

405 3423 409 3430 ·
538 3415 600 3480 pro
621 3394 672 3455 his
696 3392 889 3473 frequenter
908 3408 974 3451 non
992 3385 1025 3448 in
1042 3387 1197 3469 Europae
1217 3405 1286 3448 mo·
1342 3393 1383 3456 R,
1421 3404 1573 3458 monera,
1609 3411 1749 3469 mm,
1789 3389 1881 3473 cup„
1917 3385 2080 3454 seriana„

539 3498 582 3586 do
605 3493 760 3570 coloniis,
788 3492 847 3556 aed
868 3505 902 3556 et
918 3490 1017 3555 Asiae
1034 3501 1070 3553 et
1083 3485 1215 3552 Africae
1238 3485 1287 3550 le·
1343 3511 1422 3557 curn
1457 3491 1499 3554 ad
1535 3513 1571 3556 aa
1610 3493 1786 3577 pertinuit,
1831 3489 1931 3554 incidi
1967 3483 2082 3554 curarit

539 3583 661 3686 ¹guntur
676 3599 779 3683 siglae
796 3595 871 3659 DD.
888 3596 942 3662 vel
957 3595 1028 3658 EX.
1046 3595 1088 3660 D.
1106 3595 1149 3682 D.
1167 3589 1201 3653 id
1218 3601 1286 3653 este
1344 3615 1437 3658 enum
1453 3593 1488 3656 S.
1501 3593 1556 3668 C.,
1574 3593 1623 3657 sic
1639 3609 1672 3657 et
1685 3593 1900 3672 decuriones,
1917 3593 1973 3681 qui
1988 3593 2021 3654 in
2035 3605 2081 3650 eo·

537 3701 609 3763 EX.
630 3699 771 3762 Decreto
792 3699 1036 3774 Decuricnum,
1065 3695 1154 3781 quod
1177 3692 1288 3778 sequi·
1343 3697 1440 3761 lonils
1457 3707 1643 3759 senatorum
1666 3696 1773 3778 imago
1794 3697 1911 3774 fuere,
1937 3703 2079 3760 nonem

536 3801 625 3867 ualet
646 3799 870 3862 Romanorum
892 3799 965 3864 Ex.
993 3800 1084 3867 S.C.
1117 3801 1155 3862 ln
1186 3815 1285 3861 numo
1344 3797 1541 3865 domesticae
1559 3819 1653 3862 suum
1670 3799 1846 3864 Decretum
1863 3799 2078 3864 nerviorum

539 3897 707 3992 Corinthi,
731 3916 829 3980 quem
844 3895 921 3958 citet
937 3899 1111 3964 otoreltius
1133 3902 1184 3981 c),
1204 3897 1289 3984 legi·
1343 3899 1594 3989 imprimeudum
1614 3913 1822 3966 curaverunt.

538 4017 593 4065 tur
610 3998 767 4080 scripturn
786 3993 891 4056 literis
907 3995 1043 4058 Graecis
1060 3997 1098 4059 Δ.
1113 3999 1153 4066 Δ.
1176 4001 1285 4084 Siglas

536 4104 580 4168 D.
596 4101 637 4165 D.
663 4099 719 4164 s'el
742 4097 811 4158 Ex.
839 4097 882 4161 Ι).
894 4096 936 4158 D.
964 4083 1109 4158 offerunt
1133 4096 1284 4177 Abdere,

537 4208 705 4293 Apamea,
754 4196 887 4274 Babba,
924 4193 1157 4272 Buthrotum,
1208 4197 1286 4260 Car·

537 4311 624 4384 teia,
663 4303 827 4382 Carthago
861 4299 953 4360 Nora
987 4294 1096 4368 lorte,
1133 4293 1283 4369 Parium,

539 4412 674 4493 Sinope.
709 4401 894 4485 Singulari}
918 4410 992 4461 snut
1014 4394 1048 4458 in
1071 4393 1177 4460 nuruis
1199 4395 1283 4459 Bab.
1402 4405 1537 4470 pulvi„
1554 4410 1721 4489 „minim
1745 4409 1802 4498 qui
1823 4423 1897 4495 Post
1920 4401 2077 4474 Gauium

1363 4141 1397 4231 §.
1412 4145 1485 4218 Vll.
1519 4145 1574 4208 De
1598 4141 1788 4205 conditione
1810 4145 2058 4226 magistratuum

1585 4243 1848 4324 municipalium.

479 4589 492 4620 ο
573 4625 1127 4705 ι)Οοιι.Ρὶι.ι1ἰιι.Ι.ι.5.Ρ.ιιι.63.
1214 4623 1249 4699 la)
1270 4621 1338 4682 T.1.
1357 4627 1442 4700 poi.
1533 4631 1563 4702 c)
1585 4631 1701 4701 inim,
1720 4621 1831 4714 Affl,
1910 4597 2120 4710 eJtnstu'

540 4746 566 4786 c.
581 4735 639 4786 too.
1832 4726 2039 4851 χ

2146 4910 2182 4964 1.
