4430 5564
439 515 661 659 'nos‘
874 620 886 641 ,
1100 556 1457 666 carvrmu.
1593 623 1603 636 .

504 731 639 795 Penni.
679 728 780 797 Ave.
816 726 889 793 setl-
907 727 1042 789 PERM.
1081 725 1249 802 SILANI„
1363 727 1434 790 EX.
1446 725 1505 790 SC.
1521 727 1556 788 in
1570 747 1669 790 numo
1681 729 1794 810 Beryti
1812 748 1886 793 eum
1901 729 2067 814 eapitel.

504 832 561 918 qui
577 832 725 895 Creticus
744 831 871 894 Silanus
889 829 949 892 suh
967 828 1106 911 Augusti
1127 827 1250 910 exitum
1306 827 1468 893 Caesaris
1492 829 1600 912 (l'atin
1619 832 1722 913 impp.
1748 830 1807 892 sed
1829 851 1912 916 quae
1932 832 2066 896 literne

504 948 539 998 et
565 935 692 996 initium
712 925 838 996 Tiberii
864 933 989 1015 Syriam
1012 941 1248 1014 propraetore
1306 929 1611 1011 apudVaillsntinm
1626 930 1759 1008 absunt,
1781 932 1843 995 etsi
1859 945 1995 1017 septum
2013 955 2068 1000 ex

502 1037 609 1112 rexit,
637 1048 673 1097 ut
704 1033 824 1097 dietum
854 1033 888 1094 iu
915 1033 1020 1096 uumis
1043 1029 1246 1092 Antioohiae.
1305 1029 1421 1093 Patiuo
1440 1031 1511 1115 ipse
1531 1030 1750 1115 profiteatur.)

503 1137 612 1220 Atque
642 1134 729 1198 idem
753 1133 908 1217 deinceps
936 1134 1066 1199 videtur
1087 1130 1248 1216 placuisse
1305 1213 1312 1218 -
1366 1133 1402 1195 ’8.
1423 1133 1462 1196 R.
1487 1132 1521 1194 ia
1545 1133 1650 1195 numia
1672 1132 1868 1200 Antioohiae
1892 1135 2060 1217 Pisidiae,

504 1235 768 1310 successoribns3
796 1253 906 1318 neque
931 1235 1017 1297 enim
1041 1231 1178 1314 amplius
1201 1232 1249 1294 le·
1305 1245 1340 1298 et
1357 1233 1460 1298 leonii
1477 1234 1672 1317 Lycaoniae.

503 1342 592 1422 gitur
612 1358 643 1402 v.
663 1357 693 1418 g.
718 1338 851 1398 PERM.
877 1338 931 1400 TI.
957 1335 1078 1411 AVG.‚
1102 1331 1248 1417 quamvis

504 1440 540 1500 in
561 1439 667 1500 numia
691 1438 794 1500 citatis
820 1437 1024 1520 Carthaginis
1043 1436 1165 1501 veteris
1192 1452 1249 1497 eo·
1366 1436 1541 1502 Florezius
1576 1457 1655 1502 suos
1683 1439 1834 1504 Carteiae
1870 1453 1906 1505 st
1934 1441 2059 1505 Toleti

500 1539 580 1604 dem
615 1542 796 1621 imperante
822 1538 958 1602 'I'iberio
995 1539 1081 1602 cusis
1116 1539 1248 1619 legatur
1303 1555 1420 1600 numos
1445 1539 1608 1622 explicam
1638 1540 1794 1607 adserere
1822 1541 2057 1623 mataritae,

501 1641 680 1725 permissus
706 1641 901 1704 Dolabellae
937 1653 972 1703 et
1001 1638 1142 1722 Apronii
1172 1656 1248 1722 pro·
1303 1652 1340 1702 ut
1365 1639 1509 1702 colonias
1531 1641 1608 1708 alias
1629 1641 1861 1726 abnegastis,
1892 1645 1940 1710 sie
1967 1646 2056 1710 sliss

498 1742 683 1809 consulum.
706 1742 805 1838 Quod
820 1740 1130 1805 in'uumsCorintlsi
1145 1739 1248 1821 inspe-
1304 1754 1455 1804 asenats
1479 1742 1520 1804 R.
1545 1741 1716 1806 ieriuudae
1741 1758 1892 1810 monetae
1914 1746 1965 1830 jus
1989 1747 2056 1810 im-

501 1859 595 1910 raute
612 1845 798 1907 Domitiano
820 1843 946 1926 signato
963 1843 1094 1925 legatur
1109 1842 1245 1906 PERM.
1302 1856 1469 1926 petresse,
1498 1854 1596 1926 utque
1622 1844 1710 1908 istud
1735 1846 1872 1910 iudicari
1900 1847 2053 1931 adpositu

500 1949 608 2023 mit,
636 1947 670 2008 in
693 1957 874 2020 causaest,
897 1944 971 2029 qnia
990 1943 1043 2007 hie
1064 1943 1243 2026 imperatos·
1299 1943 1441 2006 formula
1467 1943 1537 2006 Ex.
1563 1944 1598 2009 8.
1625 1947 1663 2012 C.
1714 1947 1899 2026 Nimirum,
1929 1949 2051 2036 inquit,

498 2049 551 2134 jus
569 2047 785 2112 monetarium
804 2046 878 2108 urbi
895 2046 1037 2110 restituit
1054 2045 1243 2128 ademptum
1300 2043 1329 2107 si
1365 2057 1470 2110 astate
1514 2047 1748 2130 imperatorum
1784 2050 1922 2114 coloniis
1961 2073 2049 2137 opus

496 2134 753 2234 sss-Vespasiano,
774 2161 810 2210 ut
830 2149 863 2210 iu
881 2148 952 2230 ejus
971 2149 1076 2211 nuruis
1093 2147 1244 2210 diximus.
1299 2145 1361 2209 tntr
1383 2148 1544 2230 permissu
1562 2152 1804 2233 Augustorum,
1829 2173 1967 2218 neeesse
1983 2169 2048 2234 est,

497 2251 656 2316 Ceterum
673 2273 732 2316 our
752 2252 803 2332 jus
824 2248 911 2314 istud
927 2249 1064 2312 ooloniis
1079 2248 1153 2311 aliis
1168 2268 1245 2311 eon·
1301 2261 1406 2312 stante
1436 2271 1507 2335 rep.
1537 2251 1587 2333 jus
1616 2252 1705 2316 idem
1734 2267 1864 2318 senatus
1894 2257 2047 2322 consulto

497 2374 629 2420 sessum
655 2352 776 2428 luerit,
800 2351 875 2414 aliis
897 2363 1058 2432 perpetuu
1075 2362 1243 2433 negatum,
1301 2369 1491 2414 eoncessum
1514 2352 1615 2416 luisse
1631 2354 1671 2434 ⁸).
1715 2355 1842 2424 Verum
1859 2369 1896 2420 ut
1910 2357 2047 2422 dubium

495 2455 648 2539 reperire
665 2454 822 2516 haetenus
838 2470 906 2515 uon
922 2449 1024 2533 potui.
1056 2452 1140 2514 Sane
1160 2453 1244 2533 Dyr·
1300 2472 1367 2514 nou
1399 2466 1466 2530 est,
1495 2453 1601 2517 literis
1629 2456 1701 2522 Ex.
1734 2457 1769 2522 S.
1798 2458 1837 2522 C.
1869 2459 1904 2520 in
1937 2461 2046 2524 umis

496 2554 670 2618 rhaulaium
699 2552 844 2634 lllyrici,
879 2550 962 2615 urbs
989 2551 1087 2629 olim,
1121 2554 1153 2614 si
1181 2572 1243 2636 qua
1299 2552 1504 2618 Floroniauis
1520 2557 1626 2620 notari
1644 2561 1978 2644 senatusconsultum,
1999 2563 2044 2627 its

494 2657 562 2728 alia
590 2652 832 2728 numismatioa,
855 2652 999 2729 eadm,
1025 2674 1071 2716 ex
1090 2674 1158 2737 qno
1187 2653 1244 2716 sle·
1301 2667 1426 2718 certum
1449 2670 1606 2733 nonest,
1629 2677 1689 2720 ⁴oss
1708 2660 1901 2725 referendas
1924 2663 1966 2728 etl
1986 2685 2046 2728 nu·

498 2757 596 2822 dueta
630 2768 681 2820 est
716 2753 865 2832 colonia,
896 2754 977 2835 juris
1008 2754 1104 2817 etiam
1137 2753 1242 2818 italici
1300 2776 1371 2819 mos
1392 2741 1680 2822 senatusconsulto
1709 2759 1745 2822 iu
1781 2765 1911 2828 colonia
1947 2764 2043 2828 feriri

495 2859 680 2944 particeps,
709 2855 817 2919 nullos
843 2855 979 2937 amplius
1003 2876 1119 2920 numos
1141 2845 1258 2920 dotit.'
1299 2860 1487 2940 permissos.
1532 2861 1587 2922 δίο
1616 2859 1650 2921 in
1677 2863 1785 2926 aureis
1810 2865 2042 2949 argenteisque

497 2965 551 3026 An
585 2972 700 3044 sponts
732 2958 796 3021 laos
828 2957 909 3040 juris
939 2977 1004 3019 nou
1035 2959 1242 3041 appetierint,
1299 2959 1490 3042 Vespasiani
1536 2962 1718 3025 oouseoruti
1760 2962 1905 3027 denariis
1939 2967 2042 3032 verbs

496 3061 585 3126 forte
610 3060 697 3145 quod
720 3057 807 3142 apud
839 3078 893 3122 ess
916 3057 1088 3122 abundavit
1113 3073 1242 3123 moneta
1299 3061 1370 3125 EX.
1400 3060 1434 3124 S.
1452 3063 1495 3126 C.
1524 3081 1591 3123 nou
1621 3061 1822 3145 significent,
1852 3086 1911 3131 eos
1942 3067 1978 3133 8.
2001 3069 2039 3131 C.

497 3165 665 3240 Romana,
694 3161 895 3244 ignoramusq
935 3160 1004 3223 Sed
1030 3174 1140 3243 potest
1159 3160 1241 3225 haee
1298 3163 1460 3245 signatos,
1494 3182 1569 3227 eum
1596 3163 1630 3223 iu
1660 3185 1774 3227 surum
1802 3181 2041 3255 argentumque

460 3323 469 3340 ,
496 3265 643 3350 quaestio
667 3264 707 3325 ad
731 3263 846 3326 multas
872 3263 972 3326 urbes
993 3261 1134 3326 Graecas
1160 3263 1243 3327 libe·
1297 3262 1489 3347 signandum
1519 3263 1646 3328 senatui
1675 3265 1727 3347 jus
1753 3286 1820 3328 non
1843 3282 1948 3348 esset,
1981 3272 2042 3336 sed

497 3387 568 3443 ms,
589 3364 764 3449 magnique
782 3385 837 3428 eas
854 3364 993 3428 nominis
1010 3363 1156 3427 extendi.
1297 3365 1578 3429 consecrationem
1609 3367 1808 3450 Vespasiano
1845 3371 1880 3432 8·
1908 3371 1947 3437 (l.
1986 3371 2044 3436 sle·

853 3532 877 3570 ⁹
1297 3482 1430 3532 cretam.
1473 3467 1510 3528 ln
1537 3465 1655 3530 eodem
1677 3487 1775 3560 sensu
1798 3471 1958 3554 eapiensis
1985 3495 2044 3538 ro-

752 3579 773 3618 ·
960 3577 981 3618 θ
1296 3567 1410 3632 cabula
1428 3567 1497 3632 EX.
1520 3567 1555 3633 8.
1575 3570 1612 3633 C.
1634 3569 1688 3634 vel
1704 3569 1869 3640 1³0?er
1885 3576 2039 3652 tvssv..

557 3673 596 3734 ln
609 3667 832 3755 compluribus
848 3669 1050 3733 coloniarum
1064 3668 1171 3734 nnmis
1190 3687 1241 3734 se·
1295 3671 1350 3736 rel
1378 3670 1571 3734 contutant
1597 3669 1792 3736 CONSensu
1820 3675 1859 3746 ¹in
1893 3674 2039 3742 denariis

495 3776 643 3838 uatusil.
662 3771 835 3836 auotoritas
851 3784 981 3834 notatur
997 3770 1048 3832 nia
1065 3771 1189 3844 moslis3
1295 3773 1445 3856 Augusti.
1487 3771 1584 3834 Nulla
1603 3792 1686 3838 vero
1711 3775 1839 3839 ratione
1862 3777 1943 3842 milti
1963 3801 2041 3864 per·

559 3875 593 3937 S.
621 3873 658 3936 (1.
685 3872 719 3934 iu
753 3872 860 3934 numis
884 3870 1077 3934 Antioohiae
1115 3871 1237 3952 Syriae,
1295 3893 1449 3950 suasero,
1484 3895 1520 3935 so
1550 3873 1622 3937 EX.
1651 3873 1686 3937 8.
1716 3874 1752 3938 C.
1774 3877 1809 3936 in
1831 3879 1932 3944 oitato
1960 3881 2039 3946 Car·

494 3973 645 4037 Damasei
654 3971 878 4054 coelesyriae,
888 3973 1238 4056 PhilippopolisThra·
1293 3977 1379 4039 telae
1402 3995 1500 4038 numo
1523 3974 1565 4039 at
1586 3987 1737 4039 monetae
1759 3977 1936 4062 signandae
1962 4005 2039 4068 per·

496 4075 575 4142 cias.
1293 4079 1445 4154 missum,
1475 4077 1563 4162 quoti
1585 4077 1746 4141 existimat
1769 4079 1964 4160 Menenius,
1985 4105 2040 4150 re·

557 4174 1235 4242 mmmmm1111vttt.Ex.s.e
1291 4179 1487 4256 ferendum,
1523 4199 1595 4242 usm
1617 4179 1679 4243 tna
1702 4181 1805 4264 siglae
1836 4203 1912 4248 enm
1935 4187 2040 4249 nomi·

493 4279 526 4342 in
563 4299 661 4344 numu
691 4275 849 4342 Carteiae.
892 4275 1027 4358 (Flurez
1064 4279 1159 4346 Tum.
1179 4281 1236 4346 111.
1294 4281 1392 4344 nibus
1415 4282 1462 4347 lli.
1489 4281 1733 4350 FALclmvs,
1770 4285 1918 4353 nnvltt.
1949 4286 2040 4352 nulls

493 4405 524 4467 p.
543 4383 610 4460 3⁶.)
1293 4381 1534 4466 interruptione
1575 4397 1840 4462 connectuntur,
1881 4399 1915 4450 et
1950 4388 2040 4473 qnosl

556 4479 778 4548 CELTAMB.
801 4478 873 4544 Ex.
891 4479 924 4543 S.
942 4479 978 4544 C.
1001 4479 1034 4541 in
1055 4501 1153 4546 numo
1171 4485 1236 4548 To·
1293 4487 1463 4570 sequitur,
1494 4483 1676 4566 significant
1698 4485 1828 4564 verius,
1860 4491 1906 4553 li.
1930 4489 2039 4556 Falci·

493 4588 563 4652 leti.
587 4584 753 4668 (Florae.)
1293 4587 1383 4652 (lium
1413 4609 1456 4652 ex
1482 4587 1517 4652 S.
1542 4585 1577 4650 C.
1605 4585 1728 4650 dietum
1754 4589 1902 4656 Csrtsiae
1929 4593 2040 4660 llllsi·

526 4795 561 4864 a)
582 4789 612 4851 ll.
631 4809 675 4851 ee.
694 4801 722 4849 et
737 4791 821 4847 Tem.
838 4787 861 4850 1·
879 4807 909 4865 p.
925 4799 969 4853 70.
