4338 5554
503 571 572 642 tto
917 556 1152 630 PLAGlA
1186 548 1625 631 BARBARORVM.

494 725 564 790 buri
586 723 836 792 adcommodare
867 721 929 789 sibi
957 737 1110 809 poteraut
1132 734 1238 806 typos,
1293 721 1399 806 Plagii
1419 742 1502 790 vero
1530 722 1687 789 indicium
1718 724 1934 788 certissimum
1967 740 2042 788 sunt

497 850 578 915 quos
608 830 745 894 Romani
780 850 821 892 ex
850 827 987 892 civitatis
1025 845 1101 888 suae
1139 826 1237 888 rchna
1295 825 1417 908 cupita,
1444 839 1499 888 aut
1520 827 1587 910 typi
1615 847 1658 890 ex
1679 828 1786 888 numia
1811 847 1870 890 sen
1893 827 2040 906 Graecia,

495 932 596 1015 gestis
621 931 795 1013 petivere?
823 942 877 991 sut
898 924 976 1012 quid
997 927 1141 990 barbaris
1164 947 1237 989 cum
1295 944 1353 987 seu
1370 927 1525 1012 Romanis
1543 928 1647 1010 petiti,
1680 927 1718 989 lu
1739 927 1857 991 horum
1875 949 1941 992 uno
1959 951 1990 992 r.
2007 949 2039 1013 g.

483 1135 649 1220 pacisque
678 1130 820 1209 artibus,
857 1149 930 1192 curn
954 1131 1005 1192 illi
1026 1152 1115 1194 susm
1140 1131 1238 1192 hube-
1295 1129 1408 1210 Syriae
1433 1130 1543 1213 regis,
1576 1131 1664 1214 qnod
1688 1131 1832 1198 Seleuco
1849 1132 1904 1199 Vl
1926 1131 2040 1196 tribuit

406 1221 410 1228 ’
495 1247 570 1296 rent
598 1233 816 1315 religionem,
848 1230 979 1315 suisque
1001 1252 1037 1294 se
1066 1231 1127 1314 ipsi
1157 1231 1239 1313 legi·
1295 1230 1500 1306 Frblichins,
1532 1233 1586 1313 qni
1612 1253 1743 1295 numum
1772 1234 1806 1295 in
1837 1234 1903 1297 anis
1925 1234 2038 1315 Syriae

482 1336 554 1396 ¹hos
577 1335 757 1415 regerent?
774 1334 892 1414 ,Atqui
914 1331 997 1395 hene
1014 1332 1116 1416 ipsum
1135 1332 1240 1413 optio·
1294 1334 1461 1394 annalibus
1492 1352 1534 1394 ex
1559 1352 1674 1396 museo
1694 1334 1856 1397 Caesareo
1885 1335 2039 1418 vulgare·

493 1435 686 1499 neminisse
707 1445 934 1517 argumentum
953 1431 1077 1516 ingenii
1097 1433 1238 1510 barbari,
1294 1445 1416 1509 rat‚.st
1432 1433 1681 1517 Barthelemyus
1699 1455 1741 1498 ea
1760 1435 1859 1498 simili
1880 1455 1940 1500 tuo
1966 1455 2039 1501 esse

494 1557 604 1620 nequo
632 1536 726 1618 hujus
741 1543 743 1548 ’
758 1548 880 1597 tontum
914 1535 1009 1611 seri,
1039 1547 1093 1598 sut
1114 1534 1238 1618 populi,
1293 1533 1447 1597 Antiochi
1469 1535 1540 1602 Vll.
1577 1535 1720 1618 conjicit.
1775 1538 1813 1598 ln
1848 1537 1920 1600 eliis
1953 1558 2042 1601 com·

494 1638 660 1703 docebunt
699 1638 812 1714 numi,
854 1656 936 1721 qnos
973 1636 1085 1698 multis
1121 1638 1237 1702 abhinc
1295 1649 1410 1717 purent
1438 1635 1542 1720 capita
1566 1635 1744 1714 Gordiani,
1767 1638 1964 1716 Constantii,
1985 1641 2040 1704 vel

495 1739 633 1805 saeculis
657 1738 785 1802 barbari
815 1737 871 1800 alil
899 1735 964 1800 ulio
993 1737 1052 1800 snb
1082 1738 1152 1800 sole
1183 1759 1240 1820 po·
1293 1736 1525 1817 imperatorum
1545 1739 1797 1818 Byzantiorum,
1818 1739 1897 1825 quin
1918 1753 1950 1802 et
1967 1759 2042 1822 pro-

495 1843 546 1905 siti
569 1844 758 1925 signavere,
781 1852 1107 1925 quorumnpostremo
1124 1842 1240 1903 mesni·
1294 1849 1383 1897 tome
1401 1839 1522 1898 Christi
1539 1840 1644 1922 cupite
1658 1841 1825 1915 nimbato,
1848 1853 1882 1902 et
1903 1861 2041 1926 evange·

493 1944 582 2012 nisse
604 1945 703 2028 juret.
1172 1935 1175 1942 ’
1292 1937 1414 2001 lictum
1437 1939 1556 2001 lihruuu
1579 1959 1676 2003 menta
1702 1943 1877 2024 gestantis,
1899 1963 1982 2027 quse
2005 1945 2041 2006 in

1293 2040 1399 2102 usmis
1416 2041 1581 2122 Byzantiis
1603 2041 1699 2106 chris
1721 2055 1782 2106 est.
1830 2045 1868 2104 lu
1886 2042 1958 2108 nliia
1979 2057 2042 2110 stat

743 2185 774 2228 ,g
846 2141 878 2179 '⁸
952 2189 981 2229 ‚4
1283 2143 1390 2224 1virgo
1425 2142 1579 2225 deipara,
1606 2163 1693 2226 queo
1727 2143 1867 2208 adstanti
1902 2144 2042 2228 impera·

1047 2245 1060 2268 ‘
1294 2246 1361 2308 tori
1382 2243 1531 2307 diadema
1551 2244 1709 2328 imponit,
1740 2245 1856 2310 obrius
1887 2244 1969 2310 item
1994 2261 2041 2329 ty·

556 2345 763 2407 Postremum
778 2342 880 2426 plegii
897 2341 1238 2410 numismaticiezem·
1293 2367 1354 2431 pus
1375 2346 1409 2408 iu
1430 2346 1663 2430 Byzantiorum
1684 2361 1837 2425 monete,
1866 2347 1931 2411 uisi
1951 2347 2040 2432 qnod

495 2443 587 2527 plum
619 2443 827 2528 suppeditent
854 2446 944 2508 numi
966 2445 1128 2524 Arabum,
1161 2467 1239 2533 qno·
1295 2447 1471 2530 religiosus
1502 2449 1701 2512 monsterius
1728 2448 1833 2512 Arche
1863 2451 2040 2526 crucolnm,

483 2565 589 2621 rum,
619 2545 680 2608 etsi
709 2559 801 2610 extre
828 2546 966 2608 instituti
995 2547 1062 2610 mei
1090 2547 1172 2612 lines
1202 2569 1238 2612 se
1293 2569 1378 2634 guno
1402 2549 1435 2610 iu
1458 2549 1510 2612 his
1532 2549 1724 2624 diademati,
1746 2561 1781 2614 et
1799 2549 1920 2634 gloho,
1942 2571 2041 2636 quem
2150 2555 2151 2580 l

494 2647 690 2734 porrigunt,
729 2661 861 2729 oportet
894 2661 1002 2712 umen
1039 2650 1237 2727 meminisse,
1294 2651 1474 2735 imperator
1491 2671 1590 2714 ,monn
1610 2652 1773 2736 praefert,
1793 2651 1968 2717 imminere
1990 2673 2041 2718 so-

496 2750 570 2834 quiu
603 2769 718 2814 eorum
748 2763 937 2833 arguments
971 2763 1063 2834 cepta
1093 2763 1167 2812 sunt
1184 2771 1239 2814 -ex
1285 2755 1366 2830 let,
1396 2753 1527 2832 omisit,
1567 2753 1703 2814 nimium
1741 2752 1870 2817 scilieet
1906 2753 2040 2818 munile-
2150 2749 2151 2752 '

494 2852 601 2915 nnmis
643 2852 728 2915 iutra
771 2849 927 2915 ditionem
966 2873 1071 2914 meum
1114 2853 1237 2936 positis.
1294 2867 1375 2918 stans
1396 2853 1573 2918 Christiani
1594 2854 1675 2918 ritus
1703 2868 1823 2918 uotum.
1865 2861 1974 2941 Atque
1996 2875 2040 2922 ne
2144 2840 2151 2932 ’Ἴ

494 2955 582 3020 Huic
604 2973 718 3024 masse
732 2971 933 3039 nequaquem
951 2951 1008 3016 ‹liu
1027 2953 1237 3033 immorabor,
1295 2955 1337 3021 tle
1373 2957 1482 3041 plegio
1510 2957 1565 3020 vel
1593 2956 1762 3018 minimum
1793 2955 1935 3022 dubitari
1965 2977 2040 3040 pus·
2150 2967 2151 2986 ³

495 3069 669 3123 conwntns
699 3054 858 3119 indicasse
889 3056 1056 3141 egregiam
1088 3056 1239 3120 disserte·
1295 3058 1353 3135 sit,
1376 3057 1483 3122 adfert
1497 3057 1745 3141 Berthelsmyns
1763 3077 1913 3136 numum,
1934 3059 1968 3120 in
1987 3081 2040 3123 cu·

494 3161 638 3242 tionem,
668 3158 837 3245 quamde
867 3157 917 3221 his
946 3158 1238 3242 praestantissimus
1293 3159 1344 3243 jus
1366 3182 1428 3223 uua
1449 3171 1563 3242 perte3
1585 3159 1773 3242 Epigropbe
1792 3160 1946 3224 Arabico
1967 3169 2040 3226 sine

496 3265 529 3325 in
557 3263 671 3326 studiis
700 3261 819 3325 nostris
843 3261 1093 3345 Barthelemyns
1120 3281 1238 3343 magno
1295 3274 1393 3344 typo,
1431 3261 1465 3322 in
1506 3260 1631 3324 alteru:
1672 3257 1899 3330 merome,
1937 3263 2039 3327 CON-

497 3387 570 3430 enm
607 3365 752 3448 judicio,
791 3363 907 3426 additis
937 3362 1035 3426 etium
1065 3383 1238 3425 numerum
1297 3361 1513 3426 STAN'l'lNI.
1534 3361 1639 3431 AVG.
1664 3365 1929 3427 Victoriarum
1946 3365 2039 3425 tobe-

495 3467 690 3550 imaginihus
715 3466 952 3548 conscripserat
974 3466 1013 3546 ΙΙ).
1056 3463 1163 3527 Penes
1192 3464 1240 3524 in·
1297 3461 1365 3524 lom
1383 3466 1551 3545 prnefirt,
1579 3467 1635 3527 cui
1662 3467 1881 3546 inscriptum:
1902 3463 2037 3532 VOTA.

497 3569 538 3631 de
565 3585 751 3649 excerpam,
801 3567 884 3626 Sunt
915 3563 951 3624 hi
974 3563 1116 3627 Arabum
1149 3553 1240 3627 numi
1294 3563 1398 3629 XXX.
1426 3565 1517 3648 infru
1545 3565 1644 3641 818„
1676 3551 1732 3650 qni
1759 3577 1965 3648 typustotns
1990 3587 2037 3628 cu·

499 3689 612 3734 omnes
629 3669 816 3730 hlehometo
836 3667 1057 3748 posteriores,
1080 3666 1157 3750 quin
1172 3687 1238 3729 non
1294 3679 1371 3748 ptus
1397 3678 1448 3729 est
1469 3687 1510 3730 ex
1533 3683 1646 3728 eversu
1667 3668 1756 3728 numi
1775 3668 1976 3730 Constantini
1996 3671 2038 3729 hl.

497 3785 571 3840 ente
588 3768 754 3834 soeculum
776 3781 850 3850 post
867 3767 1031 3829 Christum
1046 3778 1155 3829 nutum
1168 3769 1239 3833 ΧΠ.
1296 3768 1349 3828 Ab
1369 3767 1420 3828 his
1436 3786 1518 3850 ergo
1531 3769 1693 3850 exemplis
1708 3769 1783 3851 jore
1799 3769 1909 3854 arguit
1924 3785 2039 3834 suctor

498 3873 626 3958 signati.
671 3869 784 3932 Putris
820 3867 860 3930 iis
897 3869 1152 3952 Mesopotamia,
1183 3869 1241 3952 sy·
1297 3866 1465 3946 eruditus,
1496 3869 1646 3952 quonism
1673 3869 1708 3932 hi
1737 3875 1806 3956 typi
1835 3873 1961 3935 nullum
1985 3875 2040 3938 ht·

497 3977 567 4052 rin,
605 3973 752 4056 'eliaeque
790 3969 945 4053 regiones
977 3969 1114 4036 ricinus.
1156 3971 1241 4034 Con·
1294 3969 1377 4032 bent
1397 3991 1471 4034 cnm
1492 3969 1636 4033 hiabunt
1657 3967 1758 4034 rebus
1791 3993 1934 4051 nexum,
1967 3974 2040 4038 bun

488 4078 601 4142 tinent
621 4095 741 4138 nomen
764 4071 936 4157 principis,
966 4085 1001 4135 et
1028 4072 1168 4157 sliqunm
1197 4095 1239 4138 ex
1294 4071 1393 4134 beros
1412 4072 1531 4134 horum
1554 4072 1752 4136 monetarios
1773 4073 1807 4136 in
1830 4075 1953 4140 alienos
1982 4097 2040 4140 nu·

497 4183 627 4246 Corano
657 4176 871 4252 sententium,
905 4188 973 4237 tum
1003 4189 1040 4238 et
1056 4195 1135 4238 -non
1163 4197 1239 4241 raro
1288 4194 1383 4252 mos,
1406 4176 1461 4258 qni
1475 4174 1573 4258 primi
1588 4173 1651 4238 sibi
1667 4190 1896 4252 occurrerunt,
1912 4191 2039 4242 temere

498 4305 615 4350 nonum
633 4279 798 4362 Regino,
820 4289 915 4362 atque
936 4279 1019 4342 bueo
1037 4278 1143 4342 omniu
1161 4279 1242 4342 Ara-
1287 4275 1454 4361 nulloque
1477 4275 1615 4339 consilio
1636 4276 1820 4350 involasse,
1842 4277 1938 4361 quin,
1961 4301 2041 4364 qno·

492 4387 576 4450 -bom
590 4385 725 4468 lingue,
748 4381 809 4445 etsi
831 4375 966 4443 difficile
987 4383 1028 4444 sit
1050 4400 1148 4464 saepe
1169 4379 1241 4444 lite·
1287 4401 1368 4442 rrum
1385 4379 1449 4442 sint
1460 4397 1501 4440 eu
1514 4377 1635 4462 cupite,
1649 4377 1714 4464 ipsi
1728 4379 1969 4464 intelligerent,
1986 4403 2042 4466 pa·

498 4509 609 4554 rarum
639 4487 786 4552 valorem
817 4479 977 4558 delinire,
1010 4480 1083 4564 qnia
1113 4483 1241 4566 punctis
1286 4499 1434 4564 ‚sumque
1445 4479 1602 4557 solicitos,
1615 4492 1725 4544 utrum
1739 4482 1863 4566 arrepti
1876 4503 1917 4546 es
1929 4485 2040 4550 alieno
2152 4557 2153 4582 χ

499 4585 854 4672 constituentisque
883 4585 982 4668 siguis
1011 4584 1240 4652 destituuntur.
1287 4585 1454 4672 typicum
1468 4583 1614 4649 moribus
1629 4597 1664 4650 et
1674 4582 1828 4652 institutis
1842 4605 1919 4652 snae
1932 4587 2041 4672 gentis
2152 4613 2153 4618 ¹

528 4807 563 4868 -nj
590 4799 621 4852 B.
637 4797 669 4852 L.
690 4798 774 4854 Tom.
791 4793 896 4851 XXVI.
915 4815 946 4870 p.
960 4809 1019 4858 557.
