4430 5564
585 573 659 648 DE
694 575 880 649 NVMIS
917 573 1322 657 COhoNidlthd.
1650 606 1718 671 sot

181 763 245 830 que
272 745 360 808 adso·
383 743 521 828 amplios
545 763 661 809 nomos
684 745 754 828 ejus
776 742 946 838 generia-
976 767 1093 810 nnmos
1127 749 1331 816 Patrensium
1360 755 1521 834 Achaiae,
1560 758 1617 842 qni
1646 777 1719 820 cum

180 845 292 932 quales
314 846 545 930 signaverunt,
576 867 650 910 enm
667 845 792 910 liberae
814 845 920 909 adhue
977 845 1053 911 inde
1075 847 1117 912 ab
1130 849 1278 934 Augusto
1299 855 1409 919 coioni
1431 869 1560 936 essent,
1590 879 1721 922 numos·

179 960 289 1012 essent
318 947 535 1026 conditionis,
567 967 649 1034 qoss
677 947 711 1008 in
746 959 919 1032 maerente
974 967 1040 1032 qus
1056 949 1349 1034 signarentLatine
1365 953 1556 1040 inscriptos,
1579 959 1639 1024 snb
1654 962 1719 1024 Ne·

178 1047 396 1134 dispntstione
418 1051 647 1132 heterogeneos
665 1048 831 1132 appellare
854 1050 922 1132 pia·
976 1069 1058 1112 rone
1073 1071 1205 1116 numam
1218 1056 1434 1138 vulgaverunt
1451 1081 1523 1122 cnm
1540 1061 1719 1145 epigraphe

178 1149 255 1222 cait.
288 1151 342 1214 Ad
357 1152 444 1216 hunc
461 1149 611 1228 modurn,
633 1162 669 1214 ot
684 1170 750 1215 nno
766 1149 919 1233 exemplo
977 1147 1102 1214 Graeca
1130 1151 1328 1220 ΝΕΡΩΝΙ.
1350 1153 1598 1224 ΠΑΤΡΕΩΝ.
1627 1161 1719 1224 nuile

177 1263 265 1328 utar,
289 1251 453 1317 Laodicea
475 1252 588 1336 Syriae
610 1249 686 1314 inde
709 1250 752 1314 ab
769 1253 918 1336 Angusto
977 1251 1125 1316 coioniae
1157 1254 1301 1332 indicio,
1331 1259 1390 1322 sed
1418 1261 1509 1341 cnjus
1539 1281 1718 1344 νεωτερισμι

177 1353 337 1438 usquead
357 1355 539 1432 Severum,
560 1373 625 1439 qno
642 1354 801 1436 temporis
820 1351 920 1413 inter·
976 1371 1102 1417 causam
1116 1353 1150 1416 in
1168 1374 1284 1420 eorum
1305 1362 1411 1422 nomia
1433 1361 1590 1428 dedimus.
1636 1363 1718 1427 Tam

175 1453 262 1518 vallo
284 1455 335 1518 ani
355 1453 434 1534 juris
451 1452 530 1530 init,
553 1465 743 1518 constanter
762 1453 795 1514 in
812 1452 919 1515 nnmis
975 1473 1089 1534 parona
1124 1474 1205 1538 ergo
1244 1479 1285 1522 ex
1322 1461 1479 1544 singulari
1517 1465 1580 1528 hoa
1616 1486 1717 1530 namo

175 1555 307 1640 scripsit
344 1551 596 1619 ΙΟΤΛΙΕΩΝ.
633 1550 918 1630 ΛΑΟΔΙΚΕΟΝ,
974 1552 1108 1632 probari
1134 1569 1262 1636 potest,
1296 1562 1470 1626 Patrenses
1497 1561 1538 1625 ad
1569 1579 1719 1630 veterana

175 1668 230 1719 sut
256 1655 416 1718 similiter.
460 1657 491 1717 A
520 1653 645 1718 Severo
668 1653 807 1716 deducta
828 1653 917 1716 coio·
974 1673 1066 1714 suurn
1097 1655 1227 1719 modum
1259 1659 1419 1726 redivisse
1435 1707 1447 1752 ,Ι
1476 1685 1571 1747 qnam
1602 1687 1718 1748 param

173 1757 227 1818 nia
251 1770 438 1820 constanter
464 1755 620 1838 deinceps
645 1754 743 1820 COL.
764 1753 917 1818 Laont-
973 1753 1060 1817 istud
1082 1754 1125 1818 de
1150 1758 1328 1823 Corinthiis
1348 1761 1474 1824 colonis
1498 1779 1636 1846 propter
1660 1789 1718 1829 nu·

174 1855 277 1934 CEA,
300 1869 354 1920 ant
368 1855 538 1932 similiter,
555 1877 662 1942 neque
678 1854 816 1938 amplias
830 1854 917 1938 prio·
973 1875 1046 1918 mos
1068 1857 1198 1920 maximi
1219 1859 1363 1938 moduli,
1393 1883 1566 1944 quoscum
1591 1868 1716 1950 epigra-

172 1979 245 2024 rem
268 1956 434 2022 scribendi
455 1955 588 2020 modum
610 1956 756 2042 appetiit.
971 1957 1038 2040 pho
1060 1957 1186 2022 Graeca
1217 1960 1313 2024 onice
1343 1963 1377 2022 in
1400 1965 1532 2026 Antinoi
1553 1965 1714 2032 honorem

234 2057 279 2122 dt
294 2079 374 2124 sero
385 2057 577 2126 Vsiliantins
593 2059 627 2120 in
644 2079 685 2122 eo
704 2077 826 2142 opere,
849 2076 915 2141 quo
970 2057 1144 2142 signandos
1158 2077 1368 2140 curaverunt,
1386 2078 1494 2146 potest
1509 2066 1683 2134 adfirmari.

87 2203 91 2219 .
172 2179 287 2226 nnmos
306 2159 451 2224 Graecos
472 2159 601 2222 urbiam
626 2159 804 2223 liberarum
827 2179 915 2222 com·
1033 2161 1169 2228 Vnicarn
1199 2163 1332 2245 reperio
1358 2163 1472 2248 Syriae
1497 2167 1712 2245 Antiochiam,

172 2261 289 2346 plexas
306 2273 376 2336 est,
405 2273 473 2323 tom
497 2274 531 2323 et
551 2260 701 2324 nonnulii
721 2260 777 2323 aiii
798 2279 914 2324 nomos
970 2279 1076 2343 qnae,
1108 2275 1316 2347 posteaquam
1342 2285 1361 2326 a
1386 2266 1553 2332 Caracalla
1575 2267 1714 2334 deducta
1748 2261 1757 2271 ’

170 2345 294 2448 aliquot
314 2361 443 2424 urbiam
466 2347 640 2424 ediderdnt
656 2361 806 2425 omnihus
827 2361 915 2444 prie-
970 2377 1020 2424 eat
1038 2362 1185 2436 colonia,
1208 2384 1281 2425 cnm
1297 2385 1414 2430 noram
1436 2381 1505 2429 tunt
1526 2369 1714 2434 inchoasset

170 2463 216 2528 ris
245 2462 406 2528 libertatis
433 2461 561 2527 indiciis
590 2475 742 2538 notatos,
775 2481 816 2524 ex
847 2483 913 2545 qno
970 2477 1119 2527 monetae
1149 2462 1289 2528 formans
1318 2489 1391 2530 curn
1425 2469 1594 2534 manifesta
1625 2471 1714 2534 colo-

169 2565 242 2629 itlas
273 2578 399 2629 constat
428 2563 529 2626 inisse
562 2561 718 2626 deductas
754 2563 910 2629 colonias.
968 2565 1041 2627 niae
1072 2567 1260 2642 mantione,
1297 2589 1414 2630 numos
1440 2571 1561 2632 veteris
1585 2571 1712 2636 formae

170 2667 253 2727 Sunt
277 2686 358 2732 tero
385 2665 528 2728 Carrhae
554 2676 587 2727 et
608 2663 734 2727 Edessa
759 2666 912 2747 Mesopo·
966 2665 1044 2728 inde
1073 2667 1113 2729 ab
1135 2667 1356 2750 Augustorum
1379 2671 1517 2734 exordio
1539 2673 1614 2734 cudi
1636 2692 1711 2738 coe·

121 2832 124 2838 ,
169 2768 305 2844 tamise,
334 2765 480 2830 leonium
510 2766 717 2847 Lycaoniae,
747 2765 910 2828 Laodicea
969 2780 1043 2850 ptae
1064 2768 1194 2852 signare
1217 2771 1383 2851 perrexit,
1411 2789 1549 2855 qaorum
1570 2773 1621 2834 iiii
1641 2794 1710 2838 ser·

170 2868 305 2950 Syriae,
335 2869 453 2930 Patrae
476 2867 640 2944 Achaiae,
671 2867 778 2947 Tyros
806 2867 913 2928 Phoe·
967 2867 1077 2931 virent
1105 2871 1177 2930 usai
1201 2871 1395 2933 colonorum
1417 2871 1646 2950 adscitiorum,
1676 2876 1711 2936 hi

167 2971 282 3034 niciae.
326 2969 451 3036 Verum
483 2968 546 3048 jam
587 2969 665 3031 olim
705 2967 769 3029 late
805 2966 912 3042 docui,
968 2968 1063 3030 solita
1094 2983 1203 3031 essent
1240 2971 1359 3036 civium
1389 2987 1538 3036 veteram
1570 2989 1711 3052 moneta,

167 3073 296 3154 legero,
335 3091 430 3155 qnam
467 3069 564 3132 modo
594 3067 752 3154 praefixi,
790 3068 830 3130 ab
861 3067 911 3128 his
968 3068 1010 3130 da
1039 3089 1104 3150 quo
1139 3069 1271 3153 duplice
1307 3071 1382 3133 soro
1414 3073 1596 3136 monetario
1622 3075 1708 3151 vide,

167 3173 328 3256 exemplis
354 3193 421 3234 non
453 3169 607 3254 infringi,
638 3171 712 3254 qnia
739 3169 815 3232 satis
845 3170 910 3252 jam
967 3171 1098 3252 quaein
1117 3170 1188 3250 ejus
1208 3171 1421 3235 orbisnnmis
1441 3173 1603 3254 copioains
1626 3175 1707 3242 disi.

166 3287 312 3350 constet,
341 3293 457 3336 nemos
480 3272 595 3336 citatos
617 3285 672 3356 ant
694 3271 778 3334 male
804 3271 908 3334 iactos
966 3272 1162 3354 suspicabar
1185 3273 1286 3348 olim,
1319 3273 1416 3336 etism
1438 3269 1576 3356 Neapoli
1600 3278 1707 3340 Sanna-

165 3377 366 3460 pIerosqne,
403 3385 457 3438 aot
487 3397 505 3437 a
534 3371 673 3438 falsariis
704 3373 907 3456 depravatos,
964 3374 1032 3436 riae
1057 3375 1176 3438 eodem
1201 3389 1351 3457 tempore
1375 3376 1542 3458 utriusque
1574 3380 1707 3459 generis

166 3495 249 3561 qnae
281 3477 390 3540 omnia
421 3473 467 3536 ihi
492 3474 639 3558 exposita
663 3473 737 3538 vide
762 3479 809 3556 ¹),
838 3489 906 3536 tom
963 3495 1079 3539 nomos
1103 3477 1245 3559 signatos
1262 3474 1317 3556 b),
1347 3474 1407 3537 sed
1434 3475 1560 3538 adverti
1589 3480 1704 3556 serius,

166 3593 198 3642 et
229 3598 291 3662 per
318 3578 485 3660 hocopus
508 3576 542 3638 in
571 3576 771 3659 singularam
800 3577 906 3640 nonnis
963 3576 1172 3660 hoaqooque
1192 3591 1327 3640 statutae
1348 3576 1521 3658 ameiegi
1544 3597 1703 3641 senonen
1758 3651 1762 3660 Α

164 3661 351 3744 memorata'.
394 3677 556 3752 Vnicum,
594 3697 691 3760 quem
732 3676 906 3761 heteroge·
962 3693 1094 3760 gravate
1117 3675 1388 3754 adcommodare,
1417 3690 1454 3740 ut
1475 3679 1594 3762 inejss
1613 3680 1702 3744 orbis

163 3779 260 3845 nedrn
277 3799 356 3848 rere
380 3778 491 3844 dicere
511 3779 638 3862 possis,
665 3780 799 3864 reperio
815 3780 905 3844 inter
961 3793 1092 3844 moneta
1108 3779 1185 3878 dixi.

595 4093 817 4168 Ftrtts
876 4095 1174 4170 PARTIS
1231 4095 1260 4168 1.

291 4303 593 4400 hortvs
643 4307 932 4384 cannas
981 4307 1446 4384 vonvasutts
1496 4307 1557 4380 tv.
