4468 5568
504 539 574 636 ppg
1009 565 1012 574 ¹
1049 517 1053 524 .
1141 517 1329 606 CAPVT
1365 528 1409 600 V·

501 701 799 791 psflurcriiopers,
817 723 843 765 ιι.
854 701 924 765 rive
919 713 1247 810 qrrgcctrrtouctrero
1307 692 1463 780 quandam
1497 691 1588 756 velut
1616 687 1843 773 adoptionem,
1881 692 2055 760 innumera

503 811 617 898 urbes
631 809 741 871 literis
771 801 1013 883 imperatoriis
1018 786 1248 879 metropoleos
1305 793 1488 859 babemus
1479 815 1512 854 ιιι
1530 806 1677 856 veterum
1704 794 1920 854 monumentis
1943 815 2056 862 exem-

503 912 636 972 nomine
656 909 832 970 decoratae
846 901 950 984 fuere
971 901 1248 982 cto.1nspetrato

504 1029 586 1092 argo
611 1008 676 1071 boc
703 1004 799 1068 titulo
825 999 964 1075 factum,
993 1011 1028 1060 nt
1052 985 1130 1064 orbs
1153 1019 1249 1086 quse·

505 1111 590 1194 piam
607 1105 795 1192 provinciae
812 1115 908 1187 ceput
923 1115 1170 1182 agnosceretur.
1192 1100 1251 1162 Di·

505 1213 602 1276 sertis
617 1207 704 1274 istud
720 1205 830 1272 verbis
846 1203 990 1287 prodidit
1006 1201 1188 1286 Procopius
1209 1203 1249 1282 ¹).

505 1315 618 1396 Agens
650 1310 735 1373 enim
768 1306 810 1367 de
839 1308 997 1366 Caesarea
1026 1301 1249 1388 Cappadociae

504 1415 586 1476 baec
606 1407 788 1494 subjungit:
816 1403 854 1484 ἐξ
875 1403 889 1469 si
912 1397 951 1481 δη
971 1417 1020 1470 iss
1039 1401 1086 1476 εἰς
1104 1424 1253 1486 purgone·

505 1519 583 1587 λεως
596 1511 718 1592 ἀξιωμιι
729 1507 841 1586 ἦλθεν·
859 1505 919 1576 irus
926 1527 990 1590 ‹pog
1003 1509 1097 1566 πολιι.
1108 1527 1161 1580 την
1174 1523 1253 1583 nge>-

506 1637 563 1688 τηι,
577 1635 614 1674 ra
630 1608 721 1684 ἕθιις
739 1612 851 1667 subscr
869 1603 1016 1688 Parparos.
1035 1607 1120 1666 unde
1138 1619 1171 1668 et
1186 1625 1254 1666 me·

506 1713 646 1796 tropolis
661 1713 859 1794 dignitatern
879 1720 982 1773 nocto
999 1717 1070 1780 esr,·
1095 1709 1145 1766 sr’c
1163 1707 1251 1767 enirn

506 1815 619 1878 urbem
643 1815 755 1894 gentis
777 1811 921 1891 primam
948 1820 1067 1868 occant
1095 1807 1254 1866 Romani.

505 1915 613 1997 Atque
628 1911 692 1974 boc
711 1909 842 1995 quidem
859 1905 1016 1988 Procopii
1031 1905 1250 1968 testimonium

506 2034 552 2078 ex
566 2012 836 2096 praecipuisost,
865 2007 981 2092 quibus
999 2019 1133 2068 utuntur
1152 2007 1253 2090 Span-

505 2113 633 2178 betnius
649 2114 786 2197 aliique,
807 2111 843 2174 ut
859 2105 1093 2188 comprobent,
1111 2109 1251 2172 nativam

506 2216 619 2282 matris
647 2213 738 2278 tarbis
768 2208 1038 2296 significationem
1076 2209 1181 2270 serius
1217 2210 1251 2274 in

506 2317 600 2380 sliam
618 2314 732 2396 ospitis
748 2311 936 2394 provinciae
956 2308 1057 2370 luisse
1080 2308 1250 2373 detortam.

506 2421 652 2491 Tamen,
692 2412 780 2497 qnod
809 2430 890 2495 pace
920 2408 1173 2473 clarissimorum
1206 2413 1253 2475 vi.

506 2536 619 2582 rorum
644 2514 781 2590 dixero,
810 2534 877 2576 non
903 2511 950 2573 sic
981 2511 1080 2575 velim
1107 2514 1251 2596 intelligi

507 2619 678 2684 recitatum
708 2615 864 2697 Procopii
893 2613 1021 2686 locum,
1062 2613 1159 2696 qussi.
1189 2635 1253 2678 ma-

507 2716 880 2800 tricurbissignilioatio
900 2715 1111 2797 exspirasset,
1127 2727 1253 2796 postea·

508 2843 603 2906 quem
635 2818 748 2884 civitas
779 2815 887 2878 oblato
918 2814 1142 2906 me‘tropoleos
1179 2815 1254 2878 titos

508 2921 542 2984 lo
571 2933 667 3004 capnt
687 2918 834 3002 regionis
856 2929 909 2981 aut
931 2915 1038 3000 gentis
1061 2928 1111 2977 est
1133 2917 1252 2999 agnita.

508 3023 609 3098 Esto,
647 3039 714 3084 nou
743 3018 891 3118 deduxit!
908 3017 1073 3094 colonias,
1110 3016 1145 3078 id
1184 3032 1251 3081 est:

1305 900 1375 980 pla,
1402 917 1539 979 quornm
1562 893 1718 956 nonnulle
1740 873 1891 957 adduxi
1883 916 1917 956 tn
1941 915 2056 962 monc-

1305 1012 1337 1060 ta
1365 995 1548 1061 Laodiceae
1576 995 1737 1078 Phrygiae
1767 985 1808 1056 ad
1838 1019 1969 1060 numum
2004 999 2053 1059 in-

1306 1092 2053 1182 scriptum:ATTAA00.00‹1›10T110.

1308 1197 1427 1262 Tale.
1448 1194 1653 1261 HATPlCl.
1675 1192 1815 1259 CMTP.
1841 1197 1951 1264 ΛΑΟ.
1986 1201 2052 1266 Oc·

1306 1299 1409 1362 currit
1423 1300 1608 1384 exemplum
1623 1297 1709 1361 aliud
1725 1311 1951 1382 argumentum
1964 1300 2055 1368 istud

1306 1399 1480 1483 insigniter
1500 1399 1676 1466 illustrans.
1705 1400 1816 1466 Voluit
1836 1400 1982 1467 Graecos
2004 1405 2054 1466 in·

1307 1514 1360 1562 ter
1381 1496 1414 1563 et
1434 1502 1599 1564 Romanos
1625 1505 1695 1584 jus,
1727 1501 1814 1585 quod
1843 1503 1943 1566 trinm
1971 1505 2053 1571 libe·

1307 1623 1421 1666 rorum
1452 1601 1640 1681 dicebatur,
1677 1603 1832 1686 narisque
1859 1605 1900 1665 iis
1929 1604 2055 1678 benoli-

1308 1705 1359 1767 cia
1381 1716 1414 1766 et
1434 1701 1579 1765 bonores
1600 1701 1810 1784 indulgebat,
1837 1707 1892 1790 qui
1914 1707 2054 1773 totidem

1309 1825 1346 1866 se
1363 1803 1488 1867 liberos
1504 1803 1656 1888 genuisse
1672 1818 1824 1886 poterant
1840 1811 1963 1875 testari.
1992 1814 2056 1876 Ta-

1308 1927 1385 1968 men
1401 1905 1428 1968 si
1445 1905 1516 1990 quis
1533 1905 1587 1969 rel
1604 1904 1655 1970 vir
1670 1905 1724 1970 rel
1742 1907 1860 1970 mulier
1877 1912 2054 1994 praecipua

1308 2007 1404 2070 fuere
1431 2005 1608 2088 dignitate,
1640 2017 1694 2068 aut
1719 2007 1845 2071 meritis
1870 2013 2054 2096 conspicui,

1310 2107 1371 2170 etsi
1393 2107 1540 2170 sobolem
1563 2121 1617 2168 aut
1639 2106 1858 2172 desideratum
1881 2134 2054 2180 nnmerum

1308 2221 1558 2293 repraesentare
1586 2226 1652 2269 non
1687 2226 1840 2292 possent,
1874 2234 1942 2276 non
1978 2237 2055 2281 raro

1308 2310 1543 2393 imperatorum
1572 2308 1775 2393 indulgentia
1805 2311 1900 2374 trium
1934 2313 2056 2380 libero-

1308 2433 1381 2475 rum
1396 2413 1447 2493 jus
1462 2423 1537 2472 sunt
1554 2413 1731 2476 consecuti.
1754 2411 1806 2473 Ad
1822 2411 1906 2477 hunc
1923 2416 2054 2482 modum

1308 2523 1393 2576 teste
1411 2512 1520 2574 Dione
1538 2513 1649 2575 Cassio
1667 2514 1759 2578 Liria
1778 2516 1918 2597 Augusti
1936 2519 2055 2598 conjux

1309 2617 1343 2676 in
1360 2629 1515 2690 matrum,
1536 2634 1618 2698 qnae
1636 2628 1689 2676 ter
1706 2615 1930 2698 peperissent,
1947 2619 2056 2686 cibum

1310 2731 1361 2782 est
1379 2713 1545 2797 relatab),
1563 2716 1619 2800 qui
1637 2729 1670 2778 et
1687 2716 1776 2780 addit
1791 2719 1971 2807 continuos,
1985 2727 2058 2802 qui·

1308 2821 1479 2883 luserim
1502 2838 1561 2880 sere
1582 2819 1664 2880 oirs's
1685 2835 1742 2878 seu
1766 2820 1963 2886 mulieribus
1979 2826 2059 2908 sor·

1309 2935 1392 2982 tuno
1415 2933 1465 2984 tot
1483 2921 1662 2982 liberorum
1684 2936 1836 3000 negasset
1848 2935 2057 3003 proventum,

1309 3042 1420 3084 corum
1437 3021 1609 3082 nonnullis
1631 3033 1741 3080 tomen
1761 3019 1847 3098 leot,
1861 3035 1960 3086 anteo
1984 3031 2058 3106 qui-

508 3145 574 3188 non
603 3123 665 3186 luit
692 3135 797 3184 mater
824 3133 954 3196 natura,
986 3131 1019 3182 at
1046 3119 1151 3201 potuit
1178 3118 1253 3182 lieri
1309 3125 1381 3185 dem
1397 3145 1458 3205 per
1478 3135 1657 3197 senorum,
1680 3139 1768 3182 nunc
1787 3133 1897 3184 eutem
1914 3145 1976 3208 per
1995 3129 2057 3190 ἰιιι.

508 3240 613 3289 mater
634 3245 675 3288 cx
696 3224 769 3306 juro
797 3222 929 3305 scripto.
969 3219 1254 3312 Quemadmodum
1306 3239 1493 3308 perstarem
1505 3223 1561 3302 J'us
1576 3224 1676 3286 trium
1697 3221 1874 3285 liberorum
1897 3226 2055 3312 largitur,

509 3327 615 3402 enirn,
647 3325 705 3410 qui
730 3323 844 3387 liberis
867 3322 989 3393 caruit,
1019 3323 1121 3386 evasit
1142 3336 1253 3406 pater,
1310 3337 1349 3386 ut
1367 3345 1469 3403 neque
1481 3327 1599 3406 poenis
1617 3327 1687 3400 iis,
1709 3341 1794 3402 quae
1818 3325 1958 3394 orbitati
1975 3343 2054 3394 stent

509 3449 583 3492 curn
601 3425 725 3488 liberos
740 3425 810 3487 sihi.
822 3423 1004 3507 adoptarit,
1027 3423 1073 3486 sio
1089 3425 1168 3486 urbs
1185 3445 1255 3487 sua·
1310 3427 1520 3502 destinatae,
1537 3437 1734 3501 teneantur,
1753 3437 1786 3487 ct
1799 3433 1921 3508 prucis
1938 3431 2058 3494 dorso-

509 3542 565 3614 pte
588 3527 709 3588 sterilis
732 3525 833 3587 erasit
856 3538 979 3602 mater,
1002 3545 1075 3587 cnm
1091 3529 1123 3588 ei
1141 3526 1181 3588 ab
1196 3525 1255 3586 im·
1310 3537 1374 3587 sot
1396 3528 1546 3607 exceptis
1571 3529 1756 3588 constituto
1783 3531 1937 3608 copiosos
1965 3531 2058 3615 proli

509 3639 664 3710 peratore
691 3625 773 3687 aliae
803 3624 949 3706 ejusdam
980 3627 1127 3708 regionis
1154 3626 1254 3689 orbes
1307 3629 1458 3706 proemia
1478 3627 1716 3704 adipiscentur.
1747 3623 1957 3717 Quapropter
1977 3632 2057 3716 quid

509 3730 601 3794 velot
640 3725 841 3808 adoptandae
880 3740 954 3788 sunt
990 3725 1147 3804 traditae,
1180 3747 1255 3810 ,quo
1311 3737 1399 3792 vetat
1417 3725 1563 3807 opinari,
1590 3725 1708 3790 eodem
1727 3727 1826 3791 modo
1846 3729 1944 3808 urbes
1963 3753 2057 3816 quas·

512 3829 687 3892 constituto
711 3827 772 3889 bae
804 3823 919 3889 cadem
946 3827 996 3888 illi
1025 3828 1180 3913 obsequis
1207 3828 1256 3910 ju·
1312 3827 1397 3912 piam
1414 3826 1608 3890 illustriores
1624 3827 1664 3890 ad
1681 3830 1904 3912 metropoleos
1922 3832 2059 3918 dignita·

511 3931 670 3993 borentot·
697 3941 883 4012 praestare,
913 3949 995 4014 quae
1018 3951 1076 4012 par
1099 3943 1170 3996 crat
1191 3952 1257 3993 ma·
1312 3941 1379 3991 tem
1399 3948 1472 3992 esse
1489 3942 1621 3992 evectas
1638 3929 1703 4006 sio,
1727 3942 1763 3994 ut
1784 3931 1818 3991 in
1840 3945 1978 3996 matrum
1997 3957 2059 3998 nn·

512 4033 555 4096 tri
580 4031 656 4094 urbi
682 4031 840 4114 praestari
867 4052 885 4094 a
914 4030 1063 4094 coloniis.
1101 4032 1153 4093 sd
1174 4032 1255 4096 haec
1313 4051 1406 4094 mero
1426 4051 1505 4096 rere
1526 4044 1733 4114 putarentur,
1759 4045 1793 4096 ot
1810 4032 1938 4098 tametsi
1957 4036 2060 4118 proli·

512 4133 604 4198 licuit
625 4131 776 4210 urbibus,
805 4133 939 4196 alterius
964 4132 1102 4196 civitatis
1126 4133 1256 4218 adopta·
1313 4131 1483 4215 bus·ipsae
1503 4148 1670 4210 carerent,
1696 4135 1730 4196 in
1753 4135 1995 4224 carumlocum
2017 4157 2060 4199 ex

512 4257 550 4322 re
582 4237 671 4300 cives
704 4232 864 4318 singulos,
904 4255 964 4297 cur
993 4253 1060 4296 non
1093 4249 1126 4298 ot
1156 4237 1257 4299 colle·
1313 4234 1386 4318 jure
1410 4236 1532 4318 scripto
1557 4235 1789 4300 sufficerentur
1809 4237 1909 4304 nrbes
1929 4240 2061 4324 provin·

514 4353 600 4416 etos,
620 4359 679 4400 seu
695 4337 857 4401 civitatem
877 4335 1065 4420 integram‘l.
1090 4339 1156 4399 lam
1175 4357 1256 4401 vero
1314 4337 1384 4400 eise
1402 4336 1565 4410 minores,
1585 4357 1668 4421 quae
1686 4337 1885 4424 ei'tanqnam
1905 4337 1979 4403 urbi
1995 4361 2061 4405 ms·

514 4440 733 4522 singulorum,
764 4439 820 4522 qui
849 4438 928 4501 duss
955 4438 1109 4521 pluresve
1137 4439 1256 4528 patrias
1313 4438 1357 4501 tri
1395 4439 1502 4502 omnia
1541 4437 1681 4502 filiarum
1719 4437 1826 4504 officis
1866 4421 2059 4506 deferrentl

513 4561 697 4625 agnovere,
732 4539 913 4610 naturalem
941 4559 1054 4618 anam,
1088 4540 1167 4605 alias
1195 4563 1257 4626 per
1314 4539 1414 4606 stine
1436 4540 1624 4624 exemplum
1649 4539 1893 4622 significationis
1915 4563 1957 4606 ex
1977 4541 2059 4626 juris

551 4757 581 4826 a)
600 4753 644 4810 De
663 4747 777 4808 aeditis.
795 4749 914 4808 lustina·
933 4747 1013 4812 Μ’.
1031 4757 1095 4812 ui·
1170 4747 1203 4820 b)
1225 4747 1255 4806 b,
1269 4748 1329 4808 tv.
1344 4749 1368 4821 §-
1380 4760 1404 4810 2.
