4372 5556
605 533 759 608 livill
795 533 959 606 VRBB.
993 531 1231 622 INGERT.

408 697 635 786 af·

214 799 323 881 Caput
336 801 494 864 muliebre
508 821 581 864 curn
599 821 722 864 carone
730 801 895 884 sartigin-

150 909 204 972 te,
221 901 409 985 etfloribus
421 903 592 966 distincte.
614 898 639 960 Ξ
656 894 795 967 ΙΑΣΩ.
809 901 895 965 .Ser·

146 1019 231 1080 pens
247 1003 288 1062 nb
306 1021 366 1063 eru
384 1003 575 1084 adsurgens.

215 1101 312 1165 Hunc
329 1123 459 1164 numum
476 1121 520 1165 ea
534 1121 615 1166 auro
633 1101 701 1164 vidi
722 1103 757 1164 in
779 1123 894 1168 museo

151 1203 197 1262 Μ.
217 1200 334 1277 Ducis,
363 1223 499 1266 aeneum
527 1203 715 1286 produxere
743 1219 893 1268 auctores

149 1319 216 1363 nou
244 1304 358 1384 pauci,
386 1325 467 1388 quos
496 1305 571 1368 vida
599 1305 684 1388 apud
705 1307 833 1369 Rasche
859 1305 895 1366 in

150 1403 274 1466 Lexico
290 1407 329 1482 ¹).
351 1405 422 1466 Hos
437 1405 493 1468 alii
510 1427 583 1469 esse
600 1408 679 1470 lassi
696 1407 816 1470 Cariae
828 1405 897 1468 edi·

150 1523 245 1580 xera,
267 1503 322 1566 aiii
339 1505 485 1586 ejusdem
502 1508 642 1570 nominis
656 1507 730 1570 urbi
744 1505 895 1577 Achaiae,

151 1605 208 1666 alii
222 1605 380 1672 vocabalo
395 1603 521 1672 ΙΑΣΩ
536 1608 783 1692 intelligendam
797 1608 896 1670 liliam

151 1706 340 1789 Aesculapii
358 1708 506 1788 ejusdem
523 1711 664 1774 nominis
685 1723 749 1778 etc.
779 1711 898 1774 Hacte-

151 1825 213 1869 nus
230 1807 355 1872 incerta
373 1809 489 1873 omnia.

413 1949 436 1996 h
519 1909 541 1949 Ο

214 2005 337 2076 ΜΕΡ.·
365 2011 490 2082 (literis
509 1959 727 2094 perantiquae
746 2014 896 2095 formae)

152 2109 307 2172 Buccius
325 2112 485 2177 barbatus
505 2125 539 2176 et
556 2115 775 2176 nuduestuns
792 2117 824 2178 d.
842 2131 899 2176 ex·

152 2223 247 2274 tentn
263 2211 394 2288 aliquid
406 2213 506 2277 lnnne
525 2217 687 2278 crescenti
703 2215 828 2288 simile,
848 2218 899 2276 in·

1621 544 1691 622 165

951 701 985 764 in
1014 697 1144 778 Sicilia,
1180 703 1236 766 vel
1266 703 1380 766 saltem
1410 703 1547 768 Graecia
1577 727 1693 788 magna

951 803 1112 888 signatum
1141 801 1309 885 profiteri,
1345 805 1429 870 adeo
1459 805 1565 868 omnia
1595 806 1692 889 hujus

950 917 1071 967 tractus
1108 918 1291 978 monetam,
1326 905 1385 967 sed
1423 907 1693 991 antiquissimam,

952 1006 1084 1090 spirant.
1125 1005 1217 1066 Essa·
1237 1007 1413 1080 Mazacae,
1449 1019 1516 1067 tum
1551 1007 1693 1092 deniqne

951 1105 1098 1182 credam,
1119 1127 1194 1168 cum
1210 1107 1281 1190 quis
1298 1105 1396 1181 iidem
1414 1103 1550 1183 iecerit,
1569 1121 1696 1191 postre-

950 1207 1178 1270 mam-literam
1198 1207 1226 1264 P
1244 1205 1476 1290 positam-esse
1499 1229 1558 1290 pro
1578 1209 1619 1283 Z,
1647 1207 1696 1286 (in
1789 1221 1791 1228 ·

950 1309 1055 1370 numia
1077 1305 1229 1380 Zancles,
1255 1308 1309 1389 qui
1333 1307 1396 1370 huc
1417 1309 1450 1368 in
1474 1307 1696 1370 testimouium

951 1421 1126 1488 vocantur,
1149 1407 1345 1490 elementum
1362 1410 1390 1468 Ρ
1407 1429 1473 1471 noa
1488 1421 1538 1471 est
1553 1403 1713 1492 positum]

952 1531 1015 1595 pro
1033 1512 1076 1585 Z,
1103 1507 1162 1569 sad
1183 1522 1233 1570 est
1252 1521 1376 1570 certum
1397 1507 1439 1590 Δ)
1458 1524 1513 1572 aut
1534 1513 1697 1574 exstitisse

953 1613 987 1674 in
1009 1609 1118 1673 Sicilia
1140 1607 1255 1669 urbem
1281 1609 1419 1692 aliquam
1444 1611 1561 1672 dictam
1584 1615 1698 1674 Meze-

955 1733 1005 1774 cu.
1042 1713 1116 1772 Erit
1142 1709 1242 1792 igitar
1269 1731 1385 1772 numus
1413 1711 1466 1773 hic
1489 1712 1623 1794 alicujus
1645 1732 1698 1773 ur·

953 1811 1023 1884 bia,
1051 1831 1134 1896 quae
1156 1823 1210 1872 aut
1231 1828 1351 1871 nomen
1374 1831 1467 1872 suum
1489 1813 1639 1885 mutavit,
1662 1825 1699 1874 ut

955 1933 998 1975 ex
1017 1913 1137 1973 Zancle
1162 1911 1245 1974 faeta
1267 1924 1318 1973 eat
1338 1913 1503 1987 Messana,
1528 1924 1582 1974 aut
1606 1912 1698 1994 cujus

954 2027 1091 2098 propter
1107 2011 1365 2094 ignobilitatem,
1391 2025 1446 2075 aut
1465 2013 1555 2094 quod
1575 2012 1698 2076 dudum

955 2113 1085 2176 deserta
1101 2113 1216 2194 jacuit,
1236 2127 1385 2175 auctores
1401 2127 1533 2178 veteres
1549 2133 1615 2175 non
1633 2131 1699 2174 me·

955 2215 1094 2278 minere.
1127 2213 1224 2304 Quod
1241 2213 1406 2276 Bacchum
1426 2213 1493 2275 dixi
1512 2213 1608 2278 lunae
1628 2235 1701 2320 spe·

152 2324 206 2374 tra
228 2313 399 2376 brachium
426 2318 600 2378 sinistrum
625 2317 793 2378 surculum
817 2315 898 2376 sitis
956 2316 1007 2380 cie
1026 2315 1160 2378 dextera
1181 2314 1371 2396 praeferre,
1397 2316 1483 2377 haud
1500 2316 1633 2378 dubium
1650 2310 1700 2380 est
1800 2387 1805 2402 ‚

150 2415 196 2474 nd
209 2415 428 2495 periersisque
446 2417 677 2498 dependentem
695 2417 844 2498 stringit.
873 2409 897 2470 ἶί
956 2437 1076 2492 cornu
1104 2435 1169 2498 quo
1188 2416 1403 2479 vetustissima
1420 2431 1506 2480 aetna
1523 2437 1701 2514 propoca

153 2513 317 2576 necemus
333 2519 495 2598 pendente
513 2519 618 2580 botro
640 2517 718 2582 ΔΗ.
731 2519 755 2578 l
955 2519 995 2580 lis
1014 2517 1257 2580 uticonsueiit.

213 2615 630 2697 Numihujusiconismum
647 2618 898 2700 princepsTur·
1214 2663 1235 2701 4
1318 2615 1338 2654 ”¹

152 2715 200 2776 ris
219 2716 348 2780 Muciae
370 2719 511 2781 Rasohio
538 2720 610 2784 viro
639 2719 819 2783 clarissimo
841 2716 898 2776 mi·
1015 2722 1121 2800 Caput
1133 2723 1301 2782 turritum
1315 2713 1499 2781 aeAPTA·
1506 2718 1701 2792 -ΚΑῙΩΝ
1743 2801 1745 2806 Ι

153 2817 215 2893 sit,
238 2819 384 2902 quicum
403 2819 654 2882 inLexieosuo
676 2819 897 2883 aeriincisum
953 2809 1344 2884 ΜΗΤΡΟΠΟΛΕΩΣ
1367 2821 1700 2899 Spraneeummcno·

154 2916 246 2981 dedit
267 2916 310 2999 Ι’).
353 2919 524 2984 Existimat
553 2923 709 2984 eraditus·
728 2923 897 3003 princeps,
952 2933 1141 3004 grammate
1165 2923 1331 2998 utrinque.
1367 2920 1592 3003 (MaffeiAnt.
1614 2924 1699 2988 Gaii.

155 3040 230 3084 eum
262 3017 379 3081 deberi
409 3023 525 3082 Meroe
554 3021 675 3103 L'yciae
704 3023 788 3084 urbi.
837 3023 900 3084 Ha·
958 3023 1052 3106 episi.
1071 3021 1140 3098 22.)

153 3120 264 3184 achias
280 3107 449 3202 respondit
465 3123 511 3202 c),
534 3123 639 3186 videri
657 3123 733 3199 sibi,
754 3142 828 3186 esse
843 3144 902 3188 ne·

1025 3125 1131 3200 Caput
1145 3119 1306 3181 muliebre
1321 3123 1489 3182 turritum.
1519 3118 1543 3180 ἶ
1561 3121 1702 3186 ΑΡΤΑ-

153 3243 243 3285 mum
273 3223 435 3300 cnorum,
465 3205 605 3307 qnorum
633 3223 739 3286 insula
765 3226 902 3302 Merope
957 3219 1128 3286 xalltN.
1156 3215 1542 3284 MHTPOHOAeltt.
1584 3223 1701 3306 Spica,

154 3324 328 3406 antiquitus
342 3339 454 3388 vocata
469 3323 539 3386 luit.
565 3327 612 3388 cl.
623 3325 770 3388 Scationa
786 3325 900 3388 utrius-

153 3447 218 3512 que
248 3426 440 3488 senteutiam
461 3426 495 3486 iu
517 3445 654 3490 examen
676 3447 814 3503 vocans,
845 3427 900 3510 qui

154 3549 289 3594 numum
317 3527 389 3611 ipse
420 3528 453 3588 in
483 3549 596 3591 museo
624 3529 762 3592 Bacenis
792 3527 899 3588 Asiati

153 3632 253 3710 vidit,
277 3651 409 3696 numiam
427 3649 501 3694 esse
519 3629 666 3694 Siculum
684 3629 899 3706 condulcet,

152 3735 329 3820 praecipue
342 3753 428 3797 cum
453 3744 621 3815 repertum
643 3732 675 3792 in
693 3733 803 3794 Sicilia
824 3751 900 3794 con-

155 3851 241 3916 stet,
268 3849 301 3899 et
326 3834 414 3898 forte
440 3834 524 3897 adeo
552 3833 697 3896 dandum
714 3833 788 3895 urbi
810 3835 902 3896 Sicu-

153 3939 225 4016 lae,
263 3938 379 4002 dictae·
400 3938 561 4013 Mezucu,
601 3935 656 3999 vel
688 3936 832 3998 dieseon
857 3931 900 4012 d).

939 3403 943 3410 Ι
958 3329 995 3388 in
1014 3344 1092 3384 uren
1107 3319 1168 3396 113,
1185 3333 1218 3382 et
1233 3321 1297 3381 duo
1312 3337 1605 3400 monogrammate.
1629 3327 1700 3390 ΔΕ,
1798 3353 1803 3362 -

949 3427 1015 3490 lll.
1036 3427 1136 3504 (Mus.
1153 3420 1287 3482 Muselli
1304 3423 1344 3484 T.
1356 3423 1382 3482 1.
1399 3420 1462 3484 tab.
1475 3425 1531 3491 1v.
1550 3425 1662 3506 urbia)

1021 3521 1172 3604 Maffcjus
1192 3543 1324 3584 numum
1343 3543 1437 3585 auum
1455 3526 1574 3589 Artace
1590 3529 1702 3609 Bithy·

956 3628 1048 3702 niae,
1083 3639 1136 3687 aut
1162 3625 1379 3699 Artacoanae,
1414 3645 1496 3708 qnae
1521 3626 1582 3691 luit
1606 3640 1703 3712 capot

956 3730 1096 3790 Arianae
1121 3725 1284 3808 regionis,
1310 3724 1433 3789 tribuit.
1472 3729 1558 3792 Huic
1579 3729 1701 3810 judicio

957 3850 1022 3893 non
1045 3829 1234 3890 adversatur
1260 3815 1397 3911 quidem
1416 3829 1623 3907 Friiiichius,
1649 3831 1704 3894 ad·

958 3932 1005 3994 dit
1034 3946 1160 4002 tamen,
1193 3951 1210 3990 a
1240 3928 1287 3992 cl..
1306 3929 1445 3991 Corsico
1473 3931 1573 3992 tribui
1599 3934 1703 4016 Phry·

158 4039 319 4104 Omnibus
347 4039 398 4100 hia
423 4037 620 4119 coniectoris
641 4037 723 4097 nihii
746 4037 902 4099 hactenus
960 4034 1032 4118 giae
1053 4035 1094 4114 ε).
1126 4033 1162 4091 ln
1184 4039 1299 4092 masec
1320 4030 1467 4094 Musellii
1488 4031 1609 4096 dicitur
1630 4054 1702 4098 esse

156 4154 360 4226 provectum.
404 4141 486 4202 Esse
517 4160 650 4200 numum
679 4140 817 4222 Lyciae,
847 4138 903 4200 vel
962 4137 1131 4207 Artnclr'r',
1155 4131 1213 4194 sed
1233 4131 1422 4215 cajushaec
1441 4135 1587 4219 regionis
1605 4135 1704 4202 arbai

157 4245 206 4308 Co
229 4241 373 4315 insulae,
402 4261 511 4302 nemo·
526 4241 665 4323 peritior
680 4241 747 4302 sibi
772 4261 903 4320 persua·
961 4239 1092 4321 Operae
1118 4235 1259 4320 pretium
1280 4253 1347 4295 aon
1368 4250 1473 4312 esset,
1497 4237 1531 4298 iu
1553 4257 1591 4300 aa
1615 4238 1705 4302 inre·

157 4344 231 4412 deri
257 4343 420 4428 patietur,
444 4341 499 4425 qui
518 4341 904 4406 tamen-vixadbaerebit
960 4339 1107 4422 stigando
1131 4351 1194 4399 tam
1221 4354 1294 4399 esse
1316 4338 1496 4412 curiosum,
1527 4339 1706 4402 nisiaddi·

196 4670 228 4741 a)
249 4667 311 4726 Sub
330 4661 467 4734 ΙΑΣΩ.
549 4663 960 4762 t)'T.111.e.11.inpraat
1032 4667 1063 4736 a)
1083 4661 1221 4737 inpicet.
1241 4663 1380 4722 adTom.
1397 4683 1459 4742 seq.
1534 4665 1568 4738 d)
1588 4623 1722 4724 letters¹

158 4764 192 4820 T.
205 4761 257 4818 111.
274 4781 304 4837 p.
316 4771 361 4824 80.
436 4763 466 4832 a)
487 4755 682 4818 Notitclem.
701 4757 785 4832 p.·,'6.
1552 4795 1557 4800 .

1376 4847 1450 4908 Xa
