4468 5568
606 580 683 654 nn
717 577 898 670 avus-ts
936 573 1336 657 etsuornonts.
1674 593 1749 674 ens

199 769 265 822 tots
295 753 380 820 Asis.
401 751 610 817 acerbissime
640 749 814 834 imperatas
846 767 945 832 pecu·
1001 745 1141 830 nmpbo,
1185 766 1282 829 quens
1318 748 1359 813 ds
1386 751 1550 818 Antiocho
1581 756 1635 822 bl,
1661 756 1753 842 egit,

197 861 283 936 nise,
306 876 374 920 nec
402 855 538 920 urbibus
560 849 676 929 modo,
700 850 759 914 sed
776 871 882 936 paene
900 851 944 914 ri·
1001 845 1224 932 cistophorum
1257 848 1395 915 ducenta
1427 853 1638 940 qpadrsqinta
1672 872 1752 924 octo

197 959 245 1026 cis
265 955 476 1042 castellisque
490 979 564 1022 cum
583 953 723 1037 imperio
746 953 942 1038 praefectos,
1001 950 1103 1014 millia
1133 951 1289 1034 praetulit
1314 957 1355 1034 ⁸).
1398 954 1548 1040 Reliquis
1582 958 1750 1042 conjectu·

198 1061 255 1149 qni
273 1059 428 1124 tributum
448 1043 700 1144 extorquerent,
718 1056 848 1138 plenam
867 1052 945 1116 iuis·
1000 1051 1064 1128 ris,
1089 1051 1238 1116 inanibus
1255 1065 1365 1132 certe,
1388 1076 1450 1139 pro
1475 1076 1568 1122 more
1590 1057 1750 1129 abstim

197 1183 234 1229 se
257 1161 409 1226 lictorum
431 1175 466 1224 et
486 1159 700 1245 imperiorum
728 1155 944 1240 provincism,
1002 1152 1157 1216 Omnium
1169 1156 1387 1220 recentissimi
1403 1169 1493 1234 sunt,
1519 1159 1576 1243 qui
1589 1181 1651 1244 pro
1671 1164 1750 1248 pbs-

199 1265 352 1348 solssqne
371 1263 531 1344 temporie
545 1261 709 1344 angustias
726 1257 944 1342 prohibuisse,
1001 1268 1097 1318 retrs
1118 1257 1222 1338 pertis
1248 1278 1382 1322 aversae
1404 1259 1492 1322 eliud
1515 1261 1678 1347 quidpiam
1700 1265 1751 1327 in·

198 1384 263 1449 qoo
290 1363 396 1426 minos
421 1363 575 1427 Metellus
593 1359 719 1446 Ephesi
739 1383 757 1422 s
778 1355 947 1422 lsnoDis·
1002 1369 1052 1419 trs
1075 1377 1197 1440 angues
1218 1357 1434 1444 adsurgentes
1455 1363 1646 1427 conclusum
1668 1361 1750 1430 offe-
1831 1442 1836 1448 ¹

196 1484 266 1531 naa·
289 1463 453 1549 depositas
480 1465 656 1548 antiquitus
686 1460 843 1544 pecunias
871 1455 945 1523 tolli
1002 1469 1087 1520 runt.
1123 1459 1250 1521 Horum
1283 1474 1441 1545 quotquot
1469 1461 1626 1528 hactenns
1652 1485 1752 1550 repe·

196 1565 340 1650 juberet.
385 1561 597 1658 Quiscunqoe
631 1577 699 1626 tom
728 1561 838 1624 Asiam
871 1577 944 1642 pro·
1001 1557 1049 1636 ri,
1079 1577 1193 1623 omnes
1219 1563 1333 1645 primis
1354 1562 1476 1625 saecoli
1497 1565 1537 1645 ab
1558 1563 1640 1630 urbe
1670 1585 1749 1632 conr

195 1668 332 1734 consule
363 1667 468 1742 rexit,
505 1665 594 1748 quod
621 1663 826 1748 ignoramus,
856 1657 945 1743 istud
1002 1658 1068 1722 dita
1096 1661 1182 1726 Vlll.
1211 1663 1301 1726 annis
1331 1662 1448 1726 deberi
1474 1663 1556 1741 vidi,
1585 1679 1621 1728 ut
1650 1687 1752 1750 sopra

196 1782 325 1836 certem
368 1787 410 1832 ex
448 1767 570 1830 diserte
604 1763 753 1830 casuris
789 1761 943 1842 historia,
1001 1763 1133 1838 monui,
1172 1783 1246 1827 cum
1286 1763 1328 1827 de
1365 1767 1450 1848 typis
1486 1784 1636 1850 agerem.
1679 1765 1768 1861 Qei‘

196 1868 369 1935 ttesettun
399 1877 628 1931 tom'samma.
653 1886 728 1930 cnm
763 1876 943 1946 potestate,
1000 1865 1233 1948 proconsulum
1266 1865 1396 1928 nomine
1428 1865 1591 1946 offerunt,
1629 1889 1748 1933 eorum

196 1985 232 2036 et
258 1969 346 2036 iorte
374 1992 392 2034 a
417 1969 578 2053 Pompeio
605 1967 812 2042 confirmatu,
840 1984 943 2049 penes
1000 1985 1131 2048 quoqne
1173 1982 1260 2030 setes
1304 1969 1337 2030 in
1379 1967 1545 2050 plerisque
1591 1969 1745 2038 adcurate

195 2091 294 2160 quem
331 2083 399 2134 tum
431 2071 575 2133 omnium
615 2087 727 2132 rernm
764 2067 826 2130 tuit
858 2066 942 2130 arbi·
999 2081 1109 2150 potest
1131 2068 1273 2145 deliniri.
1304 2071 1339 2130 ln
1362 2069 1559 2148 rutenensis,
1582 2073 1657 2158 qnia
1677 2093 1747 2138 om·

194 2173 311 2250 uitam,
333 2171 431 2235 Asiae
454 2171 653 2254 praefuisse,
675 2169 764 2232 ultro
788 2167 885 2232 etism
907 2165 943 2226 in
998 2167 1032 2228 ni
1061 2181 1138 2230 nota
1167 2167 1400 2253 chronologica
1422 2170 1664 2252 destituuntur,
1690 2175 1746 2239 dc-

195 2275 266 2356 eius
289 2273 482 2357 obsequium
503 2272 673 2335 ruentibus
694 2269 842 2346 Asianis,
873 2286 941 2330 neo
998 2283 1127 2352 sperata
1143 2269 1248 2348 ratio,
1269 2269 1409 2354 demptis
1424 2272 1597 2358 Ephesiis,
1617 2275 1662 2341 de
1676 2277 1746 2362 qui·

196 2373 296 2438 modo
324 2374 410 2460 qaod
437 2375 587 2460 Pompeji
618 2392 716 2437 socer
746 2382 851 2446 esset,
881 2367 941 2432 sed
998 2365 1059 2434 bo'e
1079 2371 1249 2436 contineo.

194 2477 291 2540 etiam
324 2475 412 2559 qood
439 2474 580 2556 plurium
611 2473 780 2558 legionum
819 2469 941 2534 robore
1063 2471 1254 2556 Cistepbcri
1274 2473 1411 2556 Ephesii
1432 2494 1561 2556 omnes,
1586 2491 1747 2564 quotquot

194 2579 337 2645 monitus
369 2588 466 2640 esset.
510 2579 618 2660 Atque
649 2571 826 2639 secondum
859 2571 940 2634 bees
998 2573 1155 2638 hactenus
1184 2574 1326 2648 viderim
1361 2579 1465 2662 magis
1500 2579 1666 2663 integros,
1710 2582 1746 2644 ist

191 2677 372 2746 reristmils
390 2677 510 2753 etiam,
535 2673 866 2758 deficientepecocia
881 2671 940 2734 im·
997 2697 1073 2740 area
1099 2695 1232 2740 aversae
1255 2674 1367 2740 literas
1392 2678 1552 2744 solitarias
1575 2681 1743 2765 objicient.

192 2793 305 2865 penate
319 2765 338 2844 ιΙ
352 2779 485 2842 miseris
506 2777 759 2862 provincialibus
782 2774 938 2839 collatum
997 2775 1086 2870 Quas
1104 2777 1322 2852 obserrsrim,
1337 2794 1512 2862 sequentes
1529 2796 1620 2845 sunt:
1642 2781 1684 2849 Β.
1701 2782 1742 2848 Γ.

191 2896 362 2966 segentem
385 2879 487 2957 rude,
518 2894 614 2964 atqpe
643 2899 686 2942 ex
713 2878 778 2940 boc
806 2887 936 2960 paratos
993 2877 1035 2940 ll.
1055 2875 1133 2944 ΛΔ.
1157 2875 1243 2942 ΜΔ.
1267 2877 1351 2944 ΜΕ.
1373 2877 1461 2944 ΜΗ.
1486 2877 1551 2944 ΞΕ.
1576 2881 1649 2950 ΞΖ.
1670 2883 1742 2947 ΟΖ.

190 2983 346 3046 continuo
372 2981 547 3064 Pergami,
590 2981 647 3044 ubi
680 2991 764 3043 teste
794 2976 936 3042 Caesare
995 2976 1087 3054 tm,
1113 2998 1194 3062 qnos
1212 2980 1308 3045 citavi
1326 2981 1577 3066 sopralocis3,
1609 2995 1663 3062 ιιι,
1694 3007 1742 3066 ¹7·

187 3082 355 3157 consedit,
386 3082 595 3166 cistophoros
621 3079 779 3163 inscripto
806 3078 937 3142 Metelli
992 3079 1464 3158 Essearitbmetioae,.evincit
1479 3083 1619 3166 primum
1635 3085 1743 3168 epise-

187 3185 351 3268 Scipicnis
378 3183 531 3260 nomine,
560 3203 603 3246 ex
630 3201 768 3267 quorum
796 3201 935 3246 numero
992 3199 1070 3243 mon
1087 3180 1131 3256 E,
1147 3183 1266 3244 deinde
1284 3182 1371 3266 quod
1386 3185 1515 3246 numeri
1528 3207 1594 3249 non
1609 3206 1742 3270 magno-

188 3287 279 3350 estis
295 3285 383 3368 ipse,
414 3285 470 3369 qui
493 3283 589 3368 nujus
612 3300 699 3348 nono
716 3301 811 3346 caesa
827 3279 937 3366 dispe»
991 3302 1074 3369 pere
1091 3280 1282 3366 dirergunt,
1307 3283 1365 3347 aed
1383 3285 1552 3368 aequabili.
1560 3307 1740 3373 proqressn

186 3387 316 3454 tationis
331 3385 403 3450 tuin
716 3425 721 3432 ·
991 3397 1168 3466 regentur,
1191 3398 1225 3446 et
1246 3404 1364 3450 revera
1380 3387 1508 3451 nomcri
1521 3389 1741 3454 recentissimi

990 3483 1051 3546 ΟΖ
1075 3499 1109 3548 et
1133 3480 1200 3546 ΠΕ
1229 3506 1347 3550 nemos
1375 3490 1573 3555 recentioris
1603 3493 1741 3558 rationis

991 3599 1173 3669 occupant,
1200 3587 1370 3673 intelligo,
1401 3593 1456 3674 qui
1477 3593 1541 3675 jam
1563 3593 1739 3678 inscriptos

987 3689 1220 3771 proconsules,
1237 3705 1270 3754 et
1285 3687 1448 3756 in'arerss
1465 3693 1564 3758 elium
1583 3716 1647 3778 pro
1661 3697 1741 3780 pba-

249 3793 434 3864 Videndum
457 3791 571 3870 etism,
600 3809 682 3877 qnae
705 3789 747 3855 dc
769 3789 931 3874 cistopbo·
989 3804 1079 3855 retra
1099 3801 1210 3874 typum
1239 3790 1400 3871 offerunt,
1430 3815 1514 3878 qnae
1543 3816 1618 3861 esse
1648 3813 1742 3864 certa

184 3915 297 3960 rerem
320 3896 467 3979 origine,
499 3908 534 3958 ct
563 3911 647 3978 quae
674 3891 737 3957 alla
766 3891 809 3956 ad
835 3891 933 3955 ratic·
990 3891 1102 3956 aetatis
1124 3894 1256 3964 criteria
1278 3894 1362 3960 disi..

183 4016 248 4061 nee
259 3995 520 4080 chronologicas,
531 3994 714 4080 pertinent,
735 3993 862 4077 possint
879 4013 932 4058 re·
1052 3994 1315 4078 Investigsndnm
1331 3995 1416 4078 jam,
1435 3999 1544 4064 sintne
1557 3999 1595 4062 bi
1608 4002 1738 4066 numeri

182 4097 332 4164 risimilia
352 4097 545 4184 proedicari.
584 4095 660 4189 Qec
681 4108 832 4181 tempore
855 4095 931 4160 endi
989 4095 1135 4178 epocbse
1162 4098 1239 4160 anni
1267 4097 1409 4180 putandi.
1445 4102 1510 4184 Ajo
1543 4101 1735 4172 verisimile.

182 4199 370 4286 coeperint,
392 4199 475 4262 nibil
500 4211 610 4282 potest
628 4197 801 4283 probabile
823 4197 931 4284 edlerf
987 4182 1156 4262 bt'loniae
1169 4196 1271 4262 nrbes
1287 4199 1434 4282 epochae
1460 4223 1561 4268 annos
1585 4220 1737 4272 monetae

180 4303 225 4370 ri.
261 4301 356 4368 Istud
373 4323 474 4364 ιιιιιιιι
496 4301 727 4384 constat,jam
748 4299 791 4370 V.
808 4301 843 4365 C.
866 4298 931 4378 ibt,
987 4299 1134 4364 intulisse
1168 4320 1234 4364 nen
1265 4313 1400 4364 constat.
1454 4303 1543 4397 Quid
1573 4305 1666 4368 tum?
1708 4308 1738 4370 si

180 4403 311 4470 ebriam
336 4403 437 4468 icisse
465 4403 498 4469 io
522 4403 604 4466 'Asis
630 4416 811 4480 monetam,
841 4400 930 4488 qued
987 4401 1112 4486 epocbn
1128 4422 1207 4467 osae
1224 4423 1290 4465 non
1307 4419 1382 4466 sunt
1400 4404 1475 4488 lege
1496 4403 1678 4484 ordinaria,
1705 4422 1738 4472 at

157 4527 222 4593 ‚eo
252 4525 337 4572 aceo
366 4507 454 4573 Man.
474 4503 603 4568 Acilius
631 4502 769 4568 Glabrio
804 4505 837 4567 in
875 4506 931 4567 tri·
987 4516 1141 4588 poterant
1161 4503 1210 4566 nti
1231 4503 1308 4586 lege
1335 4503 1611 4584 extraordinaria,
1642 4522 1675 4572 et
1702 4508 1737 4572 in

239 3631 278 3690 V.
305 3627 410 3710 Origo
430 3637 465 3690 et
485 3636 582 3688 cetos
603 3623 885 3705 cistopbomrums

215 4820 247 4890 2)
265 4817 331 4876 un.
346 4814 379 4874 ι.
389 4812 538 4876 xxxvii
553 4799 582 4874 ἰ.
594 4815 637 4880 ιι.
