4468 5568
469 469 539 584 512
1106 489 1300 606 cartu¹
1327 487 1369 558 n

532 664 877 746 PorturAagustua,
905 653 1145 724 ΚΑΙΣΑΡΙΑ.
1167 654 1213 721 H.
1269 668 1376 719 terum
1409 649 1674 737 superstitionem
1710 670 1776 718 nou
1806 649 1869 714 atta
1890 669 1928 712 re
1951 667 2017 713 ma·

470 756 612 828 ΠΡΟΣ.
628 756 1082 838 ΣΕΒΑΣΤω.ΛΙΜΕΝΙ,
1106 760 1139 844 in
1155 781 1215 822 au-
1271 759 1344 841 gis,
1380 776 1476 841 quam
1512 757 1671 819 montium
1707 753 1872 822 miraculis
1914 751 2016 814 iolase

468 866 530 928 mia
544 864 724 930 Caesareae
741 861 972 928 samaritas:
1270 859 1435 922 nutritam.
1478 858 1560 920 Nam
1588 877 1654 942 quo
1678 856 1774 919 altius
1801 867 1898 938 capot
1921 852 2017 916 attol·
2131 888 2135 898 ι

533 969 743 1044 Ptolemais,
770 962 938 1029 Galilaeae
965 961 1065 1040 arla,
1096 959 1214 1025 ΤΩΝ1
1249 960 1400 1035 ,lerent,
1422 971 1512 1022 tanto
1541 961 1812 1042 opportuniorem
1836 957 1900 1018 diis
1925 965 2018 1040 pr'ae·

469 1068 547 1134 EN.
572 1063 905 1143 ΠΤΟΛΕΜΑΙΔΙ,
944 1085 1069 1156 nempe¹
1102 1062 1215 1126 Antio·
1271 1073 1412 1144 paratam
1434 1059 1549 1122 setiam
1571 1057 1736 1138 credidit,
1751 1060 1787 1122 iu
1806 1081 1901 1144 quam
1921 1077 1957 1119 ae
1974 1058 2018 1119 de

471 1169 639 1237 ohauaium
656 1167 769 1250 Syriae
790 1165 995 1230 Ptolemaide
1012 1165 1213 1250 degentium.
1272 1161 1369 1224 coelo
1386 1143 1610 1225 demitterent.
1640 1158 1850 1252 Quapropter
1867 1179 1934 1222 uon
1950 1179 2019 1224 eao-

537 1272 707 1345 Samaria,
726 1261 1215 1342 cAM.2AMAPE1A2.ta
1273 1261 1316 1323 oo
1338 1261 1502 1343 rattgtana
1524 1262 1707 1326 consecuti
1727 1261 1823 1326 iocre
1847 1261 2019 1344 Olympos,

472 1373 578 1436 numia
595 1369 750 1454 Neapolis
765 1365 944 1433 Samariae.
980 1383 987 1396 ·
1272 1361 1486 1439 limatius,
1519 1363 1693 1445 Argaeus,
1722 1361 1863 1444 aliique,
1894 1362 1956 1428 aeti
1985 1376 2021 1426 et

538 1473 704 1548 Seleucia,
726 1467 832 1535 THC.
853 1463 1153 1532 ceAethooc.
1183 1466 1216 1530 in
1275 1463 1330 1527 hia
1355 1463 1434 1547 ipeis
1462 1463 1571 1528 inesse
1600 1483 1721 1528 numen
1753 1461 1927 1538 creditum.
1970 1464 2022 1526 lo·

473 1575 581 1640 numia
594 1571 763 1656 Nicopolis
781 1569 975 1634 Seleucidis.
1227 1591 1233 1606 ·
1276 1564 1453 1630 tenderunt
1488 1564 1754 1648 superstitionem
1790 1567 1941 1648 prodigia
1977 1585 2022 1630 ex

538 1677 698 1752 Sidicini,
719 1674 911 1758 Campaniae
929 1672 1084 1754 populus,
1105 1664 1219 1732 ΣΙΔΙ·
1275 1668 1382 1734 causis
1400 1666 1532 1750 quidem
1553 1667 1753 1731 naturalibus
1775 1667 1940 1750 proiecta,
1961 1665 2022 1730 aaa

474 1775 588 1853 ΚΙΝ.,
609 1775 643 1837 iu
660 1794 759 1836 numo
777 1775 880 1837 Teani
893 1773 1097 1856 Campaniae.
1277 1789 1356 1853 quaa
1379 1767 1509 1832 facilius
1532 1767 1594 1830 tuit
1616 1768 1778 1852 imperitia
1801 1767 1843 1832 ad
1862 1769 1943 1834 deos
1969 1789 2024 1833 re·

541 1879 662 1961 Syrio,
691 1869 768 1940 ΣΤ.
792 1877 827 1936 in
852 1877 957 1936 numia
979 1875 1139 1936 Balaneae
1163 1871 1220 1952 Sy·
1276 1872 1389 1948 forre,
1407 1892 1501 1955 quam
1520 1851 1648 1936 ratione
1666 1870 1844 1954 explicare.
1876 1871 2022 1935 siccam

476 1980 556 2043 riae.
578 1973 957 2048 -ctP.cTP1ac.‚
986 1975 1019 2034 in
1040 1975 1144 2035 nomia
1164 1973 1222 2060 Se·
1277 1973 1449 2046 uiderent,
1472 1971 1648 2056 Olympum
1668 1971 1847 2054 Lyciorum
1877 1985 2023 2038 montena

478 2083 586 2144 hastea
604 2077 825 2142 Samaritidos.
847 2109 889 2124 —-
911 2077 947 2138 Ρ.
962 2076 997 2147 S,
1008 2076 1043 2136 P.
1061 2075 1134 2137 uel:
1152 2074 1221 2135 ΡΗ.
1278 2073 1407 2160 placido
1423 2088 1630 2156 pernoctem
1647 2073 1770 2138 lumine
1787 2067 2023 2150 colluceacere,

475 2185 513 2246 S.
529 2183 648 2256 Pan..
669 2179 704 2241 it
720 2192 786 2242 esta
812 2181 1006 2238 Provinciae
1023 2175 1143 2256 Syriae
1159 2178 1222 2238 Pu·
1277 2177 1383 2260 ipsum
1413 2175 1477 2239 hoo
1497 2173 1608 2238 lumen
1636 2175 1781 2240 habitum
1811 2189 1861 2240 est
1886 2191 1922 2241 et
1943 2191 2024 2241 tem·

477 2288 658 2354 uestinos,
681 2281 713 2338 in
737 2279 841 2339 numia
858 2278 1038 2341 Caesareae
1059 2275 1249 2380 Samnitiu
1279 2279 1389 2363 plum,
1425 2291 1458 2339 et
1488 2289 1591 2340 statua
1614 2279 1655 2358 ⁸).
1704 2279 1757 2342 Ex
1785 2276 1900 2341 eadem
1929 2299 2025 2342 eauaa

479 2385 551 2446 dos.
565 2416 610 2434 ··-
630 2377 804 2444 CTPIAC.
823 2375 1172 2454 HAAAICTINHC,
1189 2380 1221 2440 in
1280 2380 1486 2444 observatum
1501 2400 1519 2440 a
1534 2379 1786 2442 Caesareusibus
1800 2379 2025 2464 Cappadociae

480 2484 586 2548 numia
602 2479 758 2562 Neapolis
774 2479 995 2544 Samaritidos.
1280 2487 1465 2566 Argeorum,
1486 2479 1527 2544 ab
1549 2481 1768 2564 Apolloniatis
1791 2483 1916 2564 lllyrici
1936 2503 2027 2546 mou·

549 2587 741 2664 Tectosagi,
763 2580 908 2644 Galatiae
936 2580 1094 2664 populus,
1119 2577 1223 2642 TER·
1280 2583 1416 2647 ticulum
1434 2581 1680 2664 Nymphaeum,
1709 2597 1742 2650 et
1762 2585 1869 2646 numia
1891 2583 2027 2656 illalum.

482 2679 740 2761 ΤΟΣΑΓΩΝ,
767 2683 801 2744 io
831 2683 937 2744 numia
957 2681 1108 2746 Sebastes
1132 2679 1226 2746 Gola-
1280 2685 1315 2749 iu
1333 2685 1450 2748 horum
1468 2696 1598 2746 moneta
1615 2683 1765 2747 uidimus.
1803 2689 1952 2750 Mortem
1966 2685 2029 2750 Ga·

479 2789 557 2855 tiae.
1281 2785 1377 2849 risim
1402 2784 1521 2868 jactant
1551 2784 1585 2846 in
1610 2787 1717 2848 nomia
1740 2787 1948 2871 Neapolitani
1974 2789 2030 2852 Sa·

548 2885 750 2990 Tilepolia,
800 2878 992 2947 ΛΑΡΙΣΑ.
1049 2877 1228 2951 ΘΕΣΣΑ-
1283 2887 1422 2964 mariae,
1437 2885 1673 2950 Panachaieum
1688 2888 1864 2954 Patrenres
1876 2889 2029 2967 Achaiae,

397 3013 405 3034 ¹
481 2985 615 3066 ΛΩΝ,
636 2987 670 3050 in
687 3006 786 3050 numo
802 2987 953 3050 Larissae
970 2986 1171 3064 Theasaliae,
1284 2991 1339 3054 alii
1354 2990 1456 3060 alios.

549 3091 713 3165 Thracia,
749 3087 824 3152 ΕΝ.
856 3084 1036 3167 ΘΡΑΚΗ,
1071 3089 1106 3152 io
1126 3109 1230 3154 numo
1346 3090 1506 3154 Montium
1529 3089 1564 3150 iu
1589 3089 1696 3154 numia
1720 3091 1827 3157 forma
1850 3113 1891 3156 ex
1916 3105 2031 3158 natura

481 3192 567 3256 Aeni
582 3190 756 3255 Thraciae.
1285 3204 1335 3256 eat
1350 3191 1461 3276 petita.
1497 3191 1624 3259 Vertici
1639 3192 1675 3254 ia
1689 3195 1855 3258 nonnullis
1869 3196 2032 3282 templum

552 3292 787 3376 Tolistobogii,
811 3289 957 3354 Galatiae
977 3291 1133 3374 populus,
1153 3290 1233 3354 TO·
1286 3296 1456 3372 imminet,
1490 3294 1609 3379 siquo
1634 3292 1729 3358 inere
1756 3295 1929 3363 nobilitati.
1971 3297 2035 3362 At·-

481 3395 594 3472 otc„
610 3395 645 3457 in
663 3391 1157 3458 numiaPessinuntiaGalatiae.
1205 3466 1208 3488 Ι
1287 3415 1387 3482 gaeus
1410 3409 1442 3457 et
1465 3395 1690 3480 Nymphaeum
1712 3395 1858 3462 flammas
1882 3399 2036 3464 attollunt

555 3501 674 3573 Troos,
692 3493 850 3557 Troas.
868 3492 1053 3571 Tuom,
1075 3497 1108 3556 in
1124 3495 1230 3562 numia
1287 3519 1493 3586 percausam
1509 3519 1585 3560 mox
1602 3497 1750 3562 adlatam.
1794 3499 2034 3564 Aliaalioaad·

454 3600 456 3611 '
486 3600 635 3664 coloniae
652 3595 872 3660 Alexandriae
888 3594 1037 3658 Troadis.
1288 3595 1353 3664 dita
1362 3599 1501 3684 insignia
1521 3599 1731 3684 distinguunt,
1750 3621 1832 3687 quae
1847 3602 1881 3664 in
1896 3602 2034 3689 singulis

555 3702 697 3773 Trocmi,
712 3697 854 3796 populus
864 3693 1022 3773 Galatiae,
1035 3694 1105 3764 Til.
1116 3697 1231 3777 TRO,
1289 3715 1598 3770 commemorantur,
1627 3741 1631 3754 .

485 3805 519 3864 iu
536 3800 643 3862 numia
665 3799 759 3862 Tatii
777 3797 933 3862 Galatiae.
1352 3805 1501 3890 Sequens
1520 3804 1685 3887 catalogus
1704 3803 1805 3870 offert
1818 3819 1948 3874 montes
1967 3825 2036 3872 om·

1289 3927 1365 3984 nea,
1388 3927 1526 3992 quorum
1547 3909 1679 3972 uomina
1702 3909 1773 3974 aire
1794 3909 1975 3974 deliniendi
1994 3911 2036 3974 ai·

678 4033 711 4125 §-
734 4039 775 4102 Π,
799 4033 840 4100 Α
859 4036 1036 4100 montibu„
1289 4022 1341 4072 tus
1366 4028 1480 4087 eausa,
1510 4007 1598 4094 quoti
1624 4010 1843 4097 plerumque,
1870 4011 1940 4078 ain
1958 4013 2039 4077 mli.

1291 4111 1419 4196 monia,
1451 4123 1485 4174 et
1508 4109 1733 4177 observantiae
1758 4115 1791 4174 iu
1815 4116 1922 4180 numia
1944 4127 2036 4181 extra

551 4208 625 4273 Nou
646 4224 724 4272 raro
749 4218 879 4280 montes
902 4203 1051 4270 ridemus
1072 4204 1105 4269 in
1128 4207 1235 4270 numia
1291 4212 1407 4278 urbam
1431 4213 1566 4297 signatis
1588 4214 1783 4299 produntur.

487 4309 615 4376 afficto·
633 4308 751 4373 additia
771 4308 869 4371 etiam
888 4305 1083 4393 frequenter
1098 4309 1236 4374 nomini·

486 4414 568 4490 boa,
590 4411 689 4496 idque
705 4433 772 4476 uun
789 4411 896 4474 solum
912 4429 1008 4476 causa
1029 4412 1236 4488 discriminis,
1552 4429 1571 4469 a
1656 4385 1675 4422 ³
1760 4431 1779 4468 a

485 4517 548 4622 ¹soal
572 4528 607 4612 et
628 4513 859 4582 seuwationia.
904 4512 989 4578 Satis
1015 4531 1161 4596 coam,
1180 4535 1237 4584 re·
1330 4507 1632 4598 Anazarbenffl.
1644 4517 1909 4585 attazattnt
1919 4521 2039 4588 ΤΩΝ.
2096 4607 2107 4636 ο

527 4725 558 4794 a)
578 4720 694 4780 Maxim.
714 4723 785 4796 Tyr.
807 4720 875 4782 dist.
891 4721 971 4783 Vlll.
991 4725 1017 4796 §-
1033 4735 1059 4787 lt
