4430 5564
463 557 537 636 49¹2
1056 531 1096 606 rC
1105 527 1258 608 APVT
1282 529 1418 604 *xxltt

426 749 428 752 -
460 708 612 794 plebejae
636 705 898 781 deducerentur,
928 702 1039 766 colool
1066 701 1126 766 tub
1156 721 1209 765 re·

460 812 550 876 xillia
578 807 718 894 profecti
747 819 832 869 aaut.
869 809 977 868 Docet
1005 805 1091 866 istud
1118 806 1209 866 Plut-

402 971 403 978 ,
450 915 597 988 archae,
621 932 695 975 cum
713 921 841 985 narrat,
868 907 1022 970 vexillam
1044 907 1208 990 princepe,

452 1037 535 1080 cum
560 1013 798 1096 ¹Carthaginem
829 1031 847 1073 a
879 1011 915 1072 C.
939 1007 1088 1072 Graccho
1120 1008 1209 1071 colo·

461 1118 515 1181 uia
550 1115 789 1189 deduceretur,
825 1124 925 1177 rento
960 1110 1061 1174 luiaee
1099 1105 1210 1171 diffra-

462 1231 549 1283 etum
573 1220 612 1299 ¹).
651 1216 727 1278 Fuit
748 1229 857 1277 tamen
878 1213 959 1276 haec
987 1211 1116 1276 colonia
1141 1231 1209 1275 non

461 1323 620 1396 militum,
659 1317 720 1381 aed
754 1335 935 1400 egenorum
974 1315 1103 1378 civium.
1156 1315 1209 1377 Ex

454 1427 619 1488 ¹ltaeteuua
640 1440 722 1504 ergo
745 1419 842 1482 dictio
865 1415 951 1478 iatud
973 1431 1116 1493 certum,
1140 1437 1210 1502 era·

463 1526 508 1589 tri
546 1535 659 1606 typum
692 1521 832 1584 coloniis
867 1539 971 1604 aeque
1002 1517 1142 1602 plebejia
1169 1537 1210 1581 ac

458 1624 658 1691 *militaribus
674 1621 870 1699 convenire,
892 1635 988 1704 atque
1007 1620 1094 1684 iatud
1114 1623 1209 1684 etiam

465 1729 507 1792 de
548 1727 678 1793 vexillia
716 1743 814 1810 poure
857 1723 1040 1804 adfirmari3
1083 1722 1212 1788 temetsi

465 1831 553 1917 quod
592 1829 634 1893 ad
672 1841 821 1890 nostrum
857 1826 1039 1889 inatitutum
1078 1825 1211 1902 attinet,

465 1933 605 1997 otiosum
628 1927 758 1995 videtur
779 1927 967 2012 inquirere,
990 1941 1106 1992 utrum,
1120 1927 1212 2011 aigne

466 2035 617 2097 militaria
655 2030 817 2094 coloniam
855 2029 1028 2093 militarem
1065 2043 1211 2115 arguant.

1329 697 1527 764 Alexandria
1550 679 1663 767 'l‘raen

1328 804 1500 868 Antiochia
1522 803 1676 868 Piairliae.

1328 905 1471 988 Apamea
1493 904 1675 987 Bithynice.

1320 1007 1431 1072 ‘Coela
1452 1009 1571 1070 munic.
1591 987 1780 1069 'l'hraciee¹

1324 1111 1506 1176 'Damaacue
1528 1109 1749 1191 coelesyriae.

1322 1211 1484 1274 ¹Deultum
1508 1211 1680 1276 Thraciae.

1329 1312 1452 1376 Germe
1475 1312 1630 1376 Galatiae.

1321 1415 1474 1477 leonium
1490 1413 1691 1498 Lycaoniae.

1330 1517 1441 1580 Italica
1463 1517 1581 1580 munic.
1600 1513 1764 1581 Baeticae.

1324 1618 1495 1684 :Laodicea
1513 1607 1654 1701 Syriae.

1329 1722 1487 1803 Neapolis
1509 1719 1683 1784 Samariae.
1749 1799 1753 1822 Δ

1325 1825 1463 1888 -Parium
1484 1821 1620 1904 Myrlea.

1331 1926 1449 1990 Patrae
1473 1923 1622 1988 Achaiae.

1329 2027 1475 2112 'Philippi
1496 2023 1722 2090 Macedoniae.

467 2136 599 2200 Etenim
627 2132 794 2209 coloniae,
817 2135 961 2215 quarum
976 2131 1141 2195 habemur
1161 2151 1214 2193 au·

466 2239 622 2323 perstitea
646 2253 779 2308 numae,
780 2233 940 2332 dempta
958 2253 1029 2297 uua
1051 2233 1212 2308 alterave,

470 2359 584 2402 omnea
609 2337 705 2400 suere
728 2307 902 2412 militares,
925 2333 1213 2396 nimirumaCue·
1269 2345 1482 2418 perpetuum
1478 2330 1585 2396 luiaae
1603 2333 1741 2416 origini·
1759 2331 1808 2394 rei
1827 2333 1867 2398 R.
1888 2332 2017 2413 aymbe-

466 2435 592 2504 aarihua
624 2437 799 2511 deductae,
831 2449 868 2497 ut
895 2436 978 2498 adeo
1008 2436 1130 2520 absque
1160 2453 1213 2497 er·
1266 2437 1354 2512 lum,
1377 2455 1418 2498 ex
1439 2435 1619 2498 innumeris
1640 2433 1859 2498 monumentia
1878 2445 2017 2497 cunetat-

467 2539 562 2604 randi
591 2536 740 2621 periculo
769 2537 880 2599 licea?
897 2551 1057 2614 statuere,
1089 2537 1211 2622 aignata
1270 2536 1480 2630 Quapropter
1498 2537 1640 2601 eundem
1655 2551 1782 2621 typum
1778 2535 1846 2598 eibi
1862 2536 2018 2618 legerunt

468 2643 502 2704 in
524 2613 726 2705 chloniarum
746 2640 854 2700 nuruis
883 2638 1003 2703 reailla
1031 2639 1188 2702 militer
1178 2659 1212 2700 ιι
1268 2639 1471 2723 potraalmum
1488 2640 1657 2713 colomeo
1679 2651 1715 2701 ut
1730 2657 1767 2702 ae
1785 2639 2018 2703 relutacom·

468 2744 519 2804 hia
548 2740 741 2806 constitutos
769 2742 957 2824 respicere,
988 2741 1106 2804 eodem
1135 2759 1213 2802 eane
1270 2741 1360 2802 muni
1386 2751 1500 2804 matre
1536 2754 1729 2826 propagatae
1765 2741 2014 2823 profiterentur.

469 2843 584 2919 ruodo,
609 2861 673 2927 quo
693 2841 836 2906 rexrlla
827 2865 861 2904 ιι
878 2863 993 2906 namra
990 2843 1131 2908 urbium
1145 2861 1211 2904 noa
1271 2841 1346 2934 Quo
1387 2841 1484 2906 modo
1526 2843 1623 2906 etiam
1664 2842 1792 2906 Probua
1831 2844 2017 2926 Augurina,

470 2945 672 3008 coloniarum
701 2946 876 3028 conspicua
904 2944 1101 3009 excubantes
1128 2945 1214 3026 apud
1270 2943 1356 3008 hand
1375 2943 1473 3006 dubie
1490 2955 1526 3006 ut
1543 2943 1579 3007 ae'
1600 2963 1725 3026 genere
1740 2944 1923 3008 Romanum
1943 2963 2020 3026 pro·

438 3053 507 3112 'ee
539 3045 693 3111 cohorter
725 3046 914 3130 respiciunt.
959 3047 1054 3111 Sic
1044 3069 1078 3109 ιι
1107 3046 1214 3108 nomio
1270 3044 1437 3122 haeretur,
1458 3066 1575 3110 numoa
1592 3045 1903 3130 ediditinacriptoar
1927 3043 2019 3109 ont·

467 3149 621 3226 italicae,
658 3169 741 3234 quae
773 3150 983 3232 municipium
1012 3149 1092 3225 luit,
1128 3167 1215 3210 com·
1268 3148 1374 3212 Gilll.
1403 3147 1503 3216 ΝΘ.
1538 3161 1617 3231 typo
1645 3147 1865 3232 gemellorum
1896 3148 2019 3212 lacteu-

464 3264 587 3336 .pareat
607 3250 746 3323 vexilla,
777 3250 855 3314 item
885 3252 919 3312 iu
947 3253 1053 3314 numia
1074 3250 1215 3314 Nicaeae
1272 3251 1364 3312 tium.
1387 3247 1515 3312 Eodem
1534 3263 1629 3334 typo,
1649 3251 1709 3314 aed
1723 3253 1847 3328 rariua,
1867 3271 1926 3314 uae
1944 3263 2020 3313 aunt

467 3365 506 3415 -et
524 3351 899 3435 iuliopoliaBithyaiae,
925 3351 1217 3436 HieropolirCyr·
1273 3352 1371 3414 etiam
1398 3351 1588 3433 municipia,
1625 3354 1702 3436 quia
1727 3365 1896 3437 poteraut,
1930 3353 2019 3417 velut

471 3454 631 3538 perticae,
657 3473 739 3538 quae
760 3473 875 3518 omnea
894 3454 1043 3518 coioniae
1062 3473 1128 3516 non
1146 3451 1216 3514 lue·
1272 3451 1454 3537 adoptionis
1473 3454 1610 3538 quadam
1623 3457 1757 3537 apecie,
1782 3455 1872 3518 urbia
1894 3455 2020 3520 Romae

471 3577 530 3632 re,
570 3568 604 3618 et
633 3575 706 3618 cum
737 3558 842 3620 omnia
874 3557 1043 3640 Aegyptus
1073 3553 1216 3619 coloniae
1272 3553 1359 3619 filiae
1388 3555 1502 3639 putari.
1546 3555 1691 3622 Videtur
1726 3555 1823 3622 etiam
1860 3577 1937 3620 eram
1973 3571 2020 3638 ty·

471 3678 537 3720 noa
567 3656 723 3731 haberet,
753 3658 843 3721 numi
870 3657 1084 3721 Alexandrini
1114 3657 1218 3740 impe·
1272 3677 1350 3740 pum
1377 3657 1563 3742 peregrinio
1593 3657 1729 3723 urbihua
1758 3659 1897 3724 auaaiaee
1930 3657 2022 3722 adse·

472 3756 618 3823 rantibua
646 3760 847 3824 Numeriano
880 3773 915 3822 et
945 3760 1064 3823 Carino
1093 3757 1219 3842 -aignati
1274 3773 1364 3836 ctua,
1403 3773 1457 3822 aut
1492 3759 1653 3837 adulatio,
1690 3781 1766 3824 uam
1803 3761 1896 3823 illum
1936 3759 2020 3824 aierit

472 3858 640 3940 legionem
678 3862 718 3922 ll.
755 3862 925 3942 Trajanam
969 3873 1046 3944 typo
1089 3857 1217 3944 aquilae
1273 3883 1390 3924 numne
1427 3861 1603 3946 Thyatirae
1641 3861 1766 3947 Lydiae
1807 3859 1895 3947 apud
1937 3861 2021 3946 Spo-

472 3958 673 4042 legioauriae
702 3961 868 4023 exhibent.
906 3961 992 4030 Vide
1015 3960 1056 4024 de
1073 3962 1142 4024 *hoc
1169 3981 1218 4024 ar·
1273 3963 1363 4028 nium
1383 3960 1429 4044 ¹³).

474 4071 628 4142 gumeato
658 4061 753 4124 etiam
775 4061 963 4126 Bimardum
989 4062 1029 4127 ad
1050 4063 1217 4128 lubertum
1335 4063 1563 4150 Praecipiente
1614 4064 1786 4130 Harduiuo
1822 4067 1853 4147 e)
1900 4065 2020 4140 arbee,

474 4163 512 4222 Τ.
530 4163 569 4227 ll.
593 4163 687 4245 phil.
1275 4188 1410 4253 quarum
1438 4167 1528 4229 numi
1556 4183 1742 4253 proponunt
1764 4169 1912 4254 gemiuoa
1932 4192 1951 4234 a
1973 4169 2023 4232 lu·

745 4261 749 4270 ’
1273 4291 1315 4354 pa
1337 4270 1490 4348 laetatae,
1517 4271 1587 4354 ipra
1613 4272 1674 4335 hac
1695 4272 1837 4357 imagine
1865 4271 2022 4356 proliten-

1274 4386 1345 4448 tur,
1376 4391 1412 4434 ιιι
1441 4391 1513 4436 erae
1538 4373 1682 4438 colouiaa
1703 4373 1759 4438 rel
1781 4373 1953 4458 municipia
1976 4375 2022 4437 oi·

1277 4473 1362 4536 rium
1384 4476 1444 4552 R·,
1471 4488 1503 4539 at
1524 4476 1619 4554 illae,
1651 4497 1734 4560 quae
1757 4467 1820 4540 hoc
1843 4491 1920 4562 typo
1941 4495 2021 4541 urae

541 4569 696 4634 Ollerunt
716 4574 801 4637 hunc
822 4576 981 4658 typumrin
1001 4575 1107 4637 numia
1124 4575 1191 4636 ania
1276 4597 1342 4640 ιοι
1370 4591 1467 4654 eunt,
1504 4579 1576 4660 jure
1615 4591 1737 4642 tantum
1770 4581 1855 4644 Latii
1891 4579 2021 4664 garitae

1326 2229 1508 2293 'Romulum
1529 2243 1563 2294 et
1579 2230 1718 2294 Remum
1741 2251 1758 2293 a
1780 2231 1855 2314 lupa
1876 2227 2017 2300 nutritoe

439 4388 442 4398 ¹
535 4483 543 4500 ⁶
585 4405 644 4469 lll.
672 4407 764 4488 Lupo
782 4405 939 4488 gemellos
963 4407 1104 4469 lactans,

504 4737 541 4838 ¹al
562 4775 595 4832 ln
613 4774 750 4840 Graccho
767 4803 795 4858 p.
806 4803 842 4840 ιι.
861 4794 922 4856 839.

998 4784 1031 4855 b)
1054 4784 1172 4861 voyage
1189 4785 1224 4842 Τ.
1235 4785 1287 4846 ut.
1303 4804 1335 4865 p·
1346 4792 1423 4911 Νι,
1482 4790 1513 4862 e)
1532 4788 1564 4846 ira
1581 4787 1740 4848 Antirrhet.
1760 4809 1789 4866 p.
1803 4793 1861 4856 ¹36.
