4372 5556
522 549 695 624 REGG.
731 543 937 623 NVMID.
973 548 1047 618 ET
1083 549 1339 626 Mtvlttttt
1632 569 1702 644 155

161 737 233 782 mut
259 719 371 804 prior,
404 731 472 784 tam
495 718 755 804 quodhuctenne
775 714 809 774 iu
833 731 905 774 cer·
962 716 1030 778 latu
1048 736 1107 780 tuo
1121 717 1209 783 hanc
1225 719 1337 784 Iubam
1353 735 1559 806 praeeuntem
1577 723 1703 790 Romae

158 818 202 883 tit
226 819 385 888 tabaett.
412 821 520 886 numia
548 821 769 883 characterem
793 811 906 875 Numi·
961 815 1061 894 pidit,
1101 838 1168 880 nou
1198 841 1291 898 rex,·
1312 824 1372 884 aed
1399 825 1489 906 regia
1513 825 1599 888 filine
1625 825 1705 890 diei·

161 919 270 984 dicum
293 942 359 985 nou
385 921 636 988 observavimus.
669 918 793 982 Auerna
819 912 903 976 nictit
961 919 1077 1000 turc),
1099 931 1132 979 et
1149 923 1570 1004 uIcetiamaSuetoniod).
1591 927 1705 990 Enim·

161 1039 282 1106 equum
304 1023 402 1088 ritate
424 1043 539 1100 curru,
561 1041 634 1086 uam
654 1031 780 1082 tractae·
793 1015 821 1078 ie
839 1015 903 1095 jam
960 1037 1042 1082 vero
1059 1021 1243 1084 nullatenus
1259 1021 1386 1096 dubito,
1402 1027 1578 1108 uotae-XX.
1592 1028 1626 1088 in
1642 1027 1703 1090 hu·

159 1133 275 1186 vetere
303 1143 385 1188 aevo
412 1146 430 1186 a
456 1121 637 1208 propagine
666 1134 903 1204 generaturum
959 1119 1010 1202 jae
1035 1119 1132 1183 lubae
1158 1123 1281 1195 numia,
1305 1123 1541 1206 quoniamnon
1563 1130 1702 1190 acorrim

160 1242 320 1308 equorum
352 1224 477 1288 claruit.
519 1225 654 1290 Perrari
684 1210 782 1302 hujua'
814 1214 905 1278 numi
960 1219 1099 1301 aoriptac
1117 1235 1205 1298 ruat,
1228 1222 1334 1289 tedio
1351 1223 1700 1311 medioimcriptionir

158 1321 320 1410 picturam
355 1324 434 1388 elim
469 1327 600 1410 vulgari
623 1330 665 1408 ι).
707 1317 804 1380 Numi
837 1312 903 1376 duo
960 1319 1150 1382 Numidicae
1173 1323 1317 1404 potitae,
1346 1345 1421 1390 erae
1443 1307 1701 1411 quoqueNumi-
1742 1399 1745 1408 y

158 1423 320 1508 postremi
341 1425 437 1510 regie
461 1447 569 1512 nequa
597 1425 765 1508 effigiem,
794 1434 903 1512 neque
961 1417 1073 1496 dicae,
1103 1441 1210 1504 neque
1243 1419 1354 1499 obeat,
1382 1425 1512 1488 habere·
1534 1427 1607 1490 illue
1632 1427 1702 1490 fer·

159 1523 363 1608 epigraphen
382 1526 562 1609 praebent,
583 1541 692 1588 tumen
718 1519 825 1584 eidem
853 1517 906 1576 lu·
959 1541 1043 1582 mam
1077 1520 1275 1584 characteris
1301 1523 1428 1600 Latini,
1456 1546 1528 1586 nam
1560 1528 1700 1591 eandem

157 1623 221 1690 hee
244 1625 412 1692 vindicare
439 1627 516 1690 illoc
541 1647 608 1690 non
634 1634 770 1689 veretur
793 1616 905 1679 Pelle·
958 1621 1087 1682 literam
1113 1619 1212 1682 habet
1238 1622 1334 1683 etiam
1358 1623 1566 1707 alphabetum
1590 1630 1699 1694 Sama·

158 1725 282 1802 rinitte,
304 1718 452 1812 quod'iu
469 1727 520 1790 hie
539 1729 618 1792 item
634 1721 782 1807 ejusdem
806 1715 903 1779 ratio·
958 1722 1115 1800 rituum,
1151 1725 1279 1808 itt-que
1310 1725 1379 1786 Tau
1404 1740 1515 1808 notut3
1550 1731 1629 1814 quin
1665 1745 1700 1796 et

157 1825 211 1890 atie
236 1839 287 1890 ert
315 1827 513 1910 epigraphe,
542 1825 677 1912 quaein
704 1815 904 1907 praecedeu·
959 1821 1096 1886 eundem
1123 1823 1251 1886 literam
1270 1825 1307 1885 in
1323 1825 1395 1888 aliie
1419 1828 1524 1890 numa
1538 1823 1700 1895 Maureta·

159 1927 256 1990 tibur.
298 1926 444 2009 Apparet
464 1947 564 2010 ergo,
586 1929 621 1988 in
638 1925 696 1988 hae
715 1939 816 2006 neque
836 1917 904 2001 pla·
958 1924 1040 1987 nicia
1052 1925 1201 1988 obtinere
1212 1924 1335 2001 locum,
1351 1927 1474 2008 patebit
1489 1930 1699 2012 perlurtranti

160 2048 217 2114 gat
233 2025 320 2094 lotia
338 2027 508 2090 Ammonia
526 2028 662 2111 gloriam
682 2031 902 2109 propagatam,
958 2025 1099 2088 tabulam
1119 2025 1214 2088 CXX,
1232 2027 1404 2089 Pelleriuii
1421 2030 1454 2090 iu
1473 2033 1553 2096 Rec.
1573 2035 1611 2093 Τ.
1629 2036 1697 2111 ΙΙΙ.,

158 2142 194 2194 et
221 2127 429 2211 elephantum
460 2141 496 2191 ut
527 2129 669 2212 Aegypti
704 2139 739 2188 et
768 2120 904 2202 Libyae,
957 2145 1020 2208 qua
1040 2125 1110 2206 ejus
1134 2128 1267 2208 generi·
1290 2129 1598 2216 numitmatapluru
1622 2153 1698 2198 cert·
1738 2167 1742 2178 ·

158 2229 205 2294 eie
222 2241 256 2292 et
271 2227 442 2290 Numidiae
459 2227 559 2292 luisse
574 2227 771 2308 uymholum.
957 2226 1112 2290 tinuatur.

220 2331 257 2392 ln
280 2329 431 2393 omnibus
452 2329 507 2393 hie
531 2329 637 2392 numia
652 2341 688 2392 nt
707 2328 821 2390 eadem
848 2337 899 2388 eet
1020 2327 1166 2394 Amtt.
1188 2327 1269 2393 ΑΕ.
1286 2329 1410 2396 tttttt..

157 2430 358 2514 epigraphe,
389 2429 505 2494 eadem
529 2431 699 2494 literarum
730 2427 834 2490 forma
864 2439 898 2490 et

156 2531 258 2608 ordo,
288 2531 335 2594 ric
357 2545 392 2594 ct
418 2531 456 2592 in
476 2533 544 2614 ipae
563 2531 731 2594 literarum
752 2528 898 2592 Numidi·
1223 2529 1350 2598 LVBA
1383 2533 1443 2593 11„

157 2651 267 2696 caram
293 2651 329 2695 re
353 2633 621 2714 nonaequentiam
643 2631 730 2694 cerie
757 2631 897 2694 interce·

156 2745 228 2815 ptaa
256 2731 368 2798 ridear
404 2733 531 2795 litterar
566 2727 670 2800 XXII.
734 2734 772 2792 Iu
799 2731 914 2794 citato·
1017 2729 1159 2796 loheel.
1183 2729 1289 2808 lilino,
1317 2733 1693 2820 eaeecpott'l'h'apaen·

156 2853 258 2896 auree
282 2833 543 2896 Pembrocliane
567 2833 792 2918 praetenditur
818 2831 899 2895 ucri·
952 2832 1260 2897 rem-calamitatem
1285 2847 1377 2915 patre
1401 2857 1506 2918 paene
1526 2838 1630 2900 insana
1647 2841 1694 2902 ri·

146 2948 247 3018 vptum
280 2930 451 3010 xxxxi,
486 2933 546 2996 aed
583 2953 723 3012 vereor,
751 2953 794 2998 ne
825 2933 898 3015 eju·
953 2933 1184 2996 etoriCaeeari
1207 2933 1361 3007 traditae,
1390 2950 1485 3020 atque
1509 2937 1550 3000 ab
1570 2939 1634 3002 hoc
1657 2940 1692 3000 io

156 3035 248 3098 numi
278 3036 386 3117 pictor
413 3047 598 3117 poetremoe
624 3028 927 3098 daoa'ctnractea
951 3033 1108 3098 Africano
1138 3054 1198 3096 eoo
1229 3033 1394 3116 triumpho
1430 3038 1517 3100 inter
1546 3040 1691 3122 captivae

154 3155 230 3213 ret,
253 3135 309 3220 qni
338 3155 417 3199 vere
440 3149 514 3197 tunt
531 3135 711 3212 Numidici,
738 3134 896 3198 incautior
952 3146 1130 3196 oeteotatua
1167 3133 1348 3197 liberaliter
1386 3146 1494 3198 tumen
1534 3139 1567 3200 ita
1607 3139 1700 3202 urbe·

152 3237 233 3299 iux
259 3233 445 3299 mutaverit.
484 3235 559 3304 Viri
583 3235 704 3298 eruditi
728 3254 794 3298 nen
819 3255 899 3319 pan·
951 3231 1106 3296 educatus
1133 3233 1204 3295 tuit.
1252 3233 1448 3298 Octauianum
1472 3242 1602 3322 perii.
1625 3240 1691 3300 Aa.

153 3340 184 3402 ci
208 3338 295 3402 notia
317 3337 369 3400 hia
392 3335 529 3399 indicari
551 3336 648 3418 regni
670 3329 898 3400 anuoe‘credi·
950 3335 1032 3397 tonii
1056 3353 1171 3396 necem
1198 3353 1308 3394 rerunt
1334 3356 1416 3398 unua
1450 3339 1572 3419 potitur
1603 3339 1691 3404 circe

153 3437 255 3518 dere,
283 3451 379 3523 capto
400 3436 487 3501 haud
514 3435 613 3501 duhie
630 3436 752 3518 judicio
775 3457 816 3500 ex
836 3459 895 3500 nu·
949 3457 1067 3499 annum
1085 3437 1125 3503 V.
1143 3437 1268 3519 0724.
1304 3435 1400 3499 Iubae
1427 3452 1598 3522 paternum
1625 3443 1691 3503 Nu·

152 3543 214 3604 mia
250 3538 312 3602 titii
341 3540 440 3602 lubae
463 3539 522 3615 11..
558 3551 593 3602 et
626 3538 755 3620 nepotis
783 3540 895 3604 Ptole·
948 3534 1067 3600 midiae
1092 3557 1230 3618 regnum
1259 3537 1416 3616 restituit,
1447 3554 1481 3602 et
1508 3561 1570 3606 una
1596 3541 1691 3606 Cleo·

151 3643 247 3706 maci.
286 3644 380 3724 Ergo
402 3639 579 3724 Belleyua,
602 3660 698 3725 quem
720 3641 892 3705 incudem
946 3650 1072 3720 patrum
1097 3638 1238 3700 Selenen
1257 3641 1303 3704 M.
1329 3638 1464 3702 Antonii
1494 3655 1528 3704 et
1552 3642 1692 3728 Cleopa·

149 3745 251 3807 luisse
277 3743 457 3818 contentia,
487 3755 521 3806 et
545 3739 644 3804 Iidem
667 3761 766 3804 nume
796 3745 896 3808 Pena
948 3753 1018 3803 trae
1044 3738 1142 3799 liliam
1163 3759 1298 3802 uxorem
1318 3738 1417 3806 dedit.
1450 3741 1541 3806 Idem
1566 3745 1689 3830 aliquot

150 3845 329 3908 hrochiano
352 3843 503 3906 habuitne
537 3841 634 3910 rideo
658 3840 713 3924 ιἱ),
741 3864 807 3906 non
836 3867 892 3910 ve·
947 3852 1022 3924 pent
1049 3859 1150 3903 annos
1184 3861 1254 3937 pro.
1276 3843 1689 3910 Numidia-'Mauretaniam

151 3959 245 4008 retur
261 3945 360 4008 lubae
378 3943 526 4008 tribuere
542 3962 643 4006 annea
658 3946 892 4028 regniXXXlI,
948 3943 998 4004 illi
1030 3943 1274 4005 Caeaarieoaem
1302 3958 1336 4007 et
1358 3945 1561 4028 Tingitanum
1590 3951 1690 4014 ceruit

148 4060 181 4110 at
208 4067 280 4110 cum
303 4059 391 4110 certa
413 4045 479 4110 fide
503 4058 650 4123 conetet,
671 4067 746 4109 eum
767 4062 817 4113 tot
838 4071 894 4112 ao-
948 4044 1066 4110 additia
1089 4043 1193 4105 aeriae
1214 4043 1352 4108 Getulis.
1384 4045 1534 4120 Mortuus
1549 4065 1610 4112 eet
1626 4052 1689 4118 cir·

150 4167 210 4210 nee
239 4167 344 4232 regno
366 4147 472 4210 aulum
496 4169 562 4210 non
583 4151 782 4232 praeiuierc,
803 4172 821 4212 a
840 4171 892 4233 pu·
948 4167 986 4211 ca
1018 4167 1135 4209 annum
1159 4147 1200 4213 V.
1222 4145 1259 4210 C.
1275 4163 1349 4228 77²·
1374 4147 1411 4208 Ρ.
1425 4147 1467 4213 X.
1493 4169 1540 4234 ¹9·
1566 4121 1689 4218 ”tettan

154 4265 205 4314 tre
221 4249 411 4334 Hiempsale
429 4249 586 4314 adscitum
608 4251 768 4334 collegam
783 4257 896 4339 opina·
946 4250 1116 4336 praeclara
1138 4246 1189 4309 aui
1217 4247 1393 4323 memoria,
1422 4269 1516 4332 quana
1539 4229 1689 4318 madai·-

149 4365 211 4418 tnr.
253 4353 379 4421 Verum
401 4374 420 4416 a
439 4355 622 4429 Cicerone,
644 4358 753 4440 quiin
777 4379 893 4423 conau—
949 4353 1057 4427 tione,
1079 4370 1116 4413 uc
1139 4351 1316 4433 praecipue
1336 4347 1508 4432 multiplici
1533 4356 1688 4419 eruditio.

182 4579 214 4650 a)
234 4575 330 4636 catat.
350 4593 424 4634 mas.
445 4575 530 4636 Caes.
549 4577 762 4640 T.I.tat›.1V.
787 4593 873 4640 nat.
972 4577 1007 4652 b)
1026 4577 1059 4634 tt.
1077 4577 1110 4634 1..
1129 4577 1165 4632 Τ.
1181 4569 1344 4634 XXXVIII.
1361 4570 1428 4630 hist.
1447 4593 1478 4650 p.
1495 4583 1555 4637 tot.
1575 4589 1604 4634 ct
1625 4591 1686 4642 tte

146 4672 177 4743 r)
195 4669 252 4745 leg.
273 4683 367 4743 agrar.
387 4665 426 4728 tt.
445 4679 526 4730 e.22.
620 4667 656 4742 d)
676 4669 707 4726 iu
724 4669 747 4732 Ι.
766 4670 851 4733 Caes.
870 4683 951 4732 ott.

1374 4755 1447 4822 Ἠ
