4468 5568
406 629 408 641 ,
504 547 579 626 mo
938 491 943 506 ”
1130 529 1328 604 cartu
1361 529 1419 600 xt.

654 701 686 790 ᾗ.
703 697 774 770 vlt.
798 701 837 764 A
857 697 1098 781 magnitudine.
1245 727 1250 734 ·
1368 688 1578 762 otossont.
1600 691 1691 762 ΜΘ.
1735 695 1903 781 ntaapotta
1933 719 2051 782 magna

501 845 506 856 .
642 843 647 852 .
1122 843 1124 850 ,
1303 796 1467 881 Aegyptii
1496 813 1569 862 aaut
1592 793 1654 862 latr
1680 797 1714 864 iu
1734 797 1795 863 ltao
1819 801 1916 864 etiam
1946 801 2051 864 altera

499 932 505 940 ·
571 897 909 968 TGPMHCCGRH.
936 891 1053 964 ΤΩΝ.
1082 893 1250 960 Metzo·
1303 917 1413 984 parva.

357 1069 362 1074 .
503 1002 637 1083 ΝΩΝ,
665 1025 738 1067 nam
761 1002 823 1066 fuit
846 1000 881 1062 in
903 999 1024 1066 Piaidia
1052 999 1247 1064 Termaaaaa
1367 995 1511 1064 Ollch.
1531 992 1644 1065 Mer.
1688 995 1784 1062 (laria
1807 1019 1924 1084 magna
1942 1001 2051 1086 Aegy·

502 1103 625 1188 alapia:
642 1105 746 1188 major
763 1115 797 1165 at
813 1099 931 1166 minor.
1028 1113 1040 1144 r
1303 1097 1368 1184 pti,
1391 1113 1426 1162 ut
1450 1099 1706 1182 diatingaaretur
1730 1120 1750 1162 a
1775 1119 1879 1186 parra
1901 1099 2049 1184 ejtradem

565 1197 738 1268 ΤΒΛΑΣ.
756 1193 997 1268 Merena}
1007 1241 1019 1278 ,
1034 1196 1162 1280 uybtae
1180 1219 1244 1264 ata·
1300 1197 1452 1264 neminie.

500 1325 583 1389 gnae
604 1305 637 1368 ia
655 1299 767 1368 Sicilia
785 1297 832 1368 ob.
848 1299 984 1366 eandem
1004 1319 1143 1404 canaam

1043 1596 1506 1628 *⁸*-

991 2019 1372 2134 CAPVT
1443 2021 1546 2134 Xl„
1606 2002 1633 2052 ⁸

766 2449 850 2520 nr
882 2438 1119 2522 vnntvn
1159 2411 1368 2520 veniis
1402 2445 1767 2524 nocturnus.

497 2757 759 2899 Saepenumero
778 2813 899 2877 iactam
922 2810 1113 2896 antiquitat,
1135 2823 1171 2872 nt
1189 2831 1241 2873 ur·
1299 2809 1480 2885 eetlcnibua
1501 2811 1534 2874 in
1564 2827 1677 2878 vetera
1713 2817 1845 2878 nomina
1873 2801 2041 2896 caeritum,

494 2915 552 2976 bea
582 2929 675 2980 vetua
705 2937 797 2977 auum
836 2934 956 2977 nomen
989 2913 1121 2976 intecto
1153 2899 1241 2976 noro
1299 2933 1341 2976 ax
1364 2935 1429 2999 quo
1455 2913 1517 2976 eibi
1538 2934 1599 2998 per
1622 2914 1800 2991 Alexandri
1820 2919 1865 2979 tt.
1890 2919 2041 2983 victoriae

495 3016 601 3080 alteru
623 3029 858 3099 permutarent.
898 3013 1047 3078 Norandi
1067 3035 1161 3078 cauae
1185 3034 1243 3096 pc·
1298 3015 1407 3078 baiam
1439 3015 1626 3091 minorem,
1664 3015 1872 3100 Aegyptum,
1905 3019 2041 3100 Syriam,

493 3119 559 3180 tior
578 3130 636 3180 aut
655 3119 839 3202 principum
870 3115 1096 3201 victorumque
1126 3115 1238 3190 libide,
1297 3118 1507 3193 Phoenicen,
1538 3117 1680 3200 aliaeque
1702 3117 1734 3178 in
1755 3133 1860 3180 crtum
1887 3122 2041 3204 regionaa

494 3233 549 3284 aut
568 3219 666 3284 foeda
689 3222 886 3306 populorum
908 3217 1050 3280 adulatio
1071 3217 1143 3278 fuit.
1183 3217 1238 3280 Sic
1295 3220 1480 3302 aubjecere.
1537 3219 1702 3281 Parcitum
1737 3221 1867 3304 quidem
1900 3223 2041 3305 plerum·

494 3322 682 3385 Ariaratbaa
723 3321 871 3385 Euaebea
910 3318 1133 3402 Cappadociae
1177 3339 1238 3380 rex
1295 3340 1360 3404 que
1399 3318 1537 3384 coloniia
1567 3318 1725 3396 Graecia,
1763 3343 1845 3406 quae
1881 3325 2040 3389 maritima

491 3425 656 3487 Mazacam
687 3442 729 3486 ea
758 3423 890 3485 nomine
912 3441 972 3482 auo
993 3420 1025 3479 in
1050 3419 1238 3495 Euaebiatn,
1295 3419 1368 3484 iere
1387 3433 1509 3482 tantum
1532 3418 1705 3498 inaedere,
1727 3426 1913 3488 reverentia
1938 3425 2040 3490 credo

493 3525 650 3588 Meaaenii
687 3524 831 3586 uictor-ea
861 3519 1004 3584 Zanclen
1035 3519 1168 3586 Siciliae
1205 3521 1238 3580 in
1296 3521 1528 3599 conditorum,
1569 3525 1727 3607 parcitum
1777 3525 1872 3587 etiam
1917 3530 2039 3612 anagnia

492 3627 693 3700 Maaaanam,
723 3623 867 3705 Sicyonii
897 3621 930 3682 in
962 3619 1096 3704 gratiam
1119 3623 1240 3684 Deme·
1295 3621 1506 3698 nominibua,
1538 3635 1572 3684 ut
1593 3627 1706 3708 Tyro,
1739 3622 1873 3703 Sidoni,
1904 3627 2039 3714 aliiaque

494 3728 558 3798 trii,
578 3727 669 3807 regia
697 3725 870 3806 Sicyonem
901 3741 991 3783 auam
1032 3721 1237 3785 aaeculorum
1296 3723 1412 3784 cimilia
1439 3721 1553 3786 famae.
1597 3727 1640 3788 At
1669 3725 1760 3792 nulla
1789 3725 1823 3787 in
1854 3727 1952 3794 urbea
1974 3751 2042 3794 me.

495 3827 600 3908 gloria
621 3826 820 3888 nobilitatam
843 3825 876 3884 in
897 3821 1144 3886 Demetriadem
1166 3844 1242 3887 rer·
1297 3817 1499 3887 ‹literraneaa
1527 3827 1624 3890 baiae
1653 3826 1810 3905 minaria,
1848 3830 2039 3916 Syriaeque,

494 3941 615 3991 terunt.
659 3929 702 3988 Et
737 3939 830 3989 erant
864 3921 989 3996 urbea,
1027 3923 1144 4009 quibua
1177 3945 1240 4008 per
1298 3946 1417 4012 eaaque
1438 3942 1505 3989 turn
1529 3928 1633 3992 adbuc
1658 3927 1794 4026 incultae
1823 3929 2039 4018 barbaraeque

494 4028 585 4093 vicea
607 4030 702 4113 plura
723 4027 873 4111 impoaitn
894 4025 1034 4090 nomina.
1080 4029 1238 4112 itaquae
1297 4027 1489 4092 moderatio.
1533 4029 1750 4094 ttemorrbita
1779 4043 1848 4108 eat,
1876 4031 1964 4117 quod
1989 4055 2039 4098 re·

494 4129 572 4195 olim
599 4129 749 4214 Sybarin,
779 4129 884 4193 aerina
908 4129 1087 4206 Thorium,
1114 4142 1240 4216 poetro·
1298 4128 1365 4192 lert
1389 4129 1553 4213 Appianae
1574 4134 1621 4210 ⁸),
1650 4131 1826 4198 Seterra-
1850 4134 1874 4197 1.
1906 4134 2040 4200 urbibaa

495 4253 550 4297 mo
572 4232 692 4316 Copia,
722 4229 1008 4314 comprobantibus
1034 4231 1131 4294 etiam
1156 4231 1238 4296 banc
1297 4229 1429 4293 ditionia
1453 4251 1529 4294 auae
1550 4229 1706 4295 indidiaae
1727 4235 1856 4296 nomina
1874 4255 1915 4297 ex
1935 4239 2041 4300 nomi·

495 4336 685 4400 varietatem
714 4315 958 4417 namia3'quae
986 4334 1064 4396 clim
1092 4333 1236 4396 Betbaan
1293 4331 1389 4396 nibua
1417 4331 1544 4394 urbium
1567 4331 1780 4398 Macedoniae
1802 4335 2036 4422 Graeciaeque.

494 4435 696 4500 Samaritidia
722 4433 820 4514 arba,
850 4433 987 4500 aubintle
1007 4437 1116 4518 Nyaa,
1146 4434 1238 4498 deni·
1292 4437 1428 4500 Factum
1456 4433 1555 4512 inde,
1587 4448 1622 4498 at
1640 4455 1705 4498 non
1726 4436 1917 4502 Macedonia
1939 4439 2041 4504 Grae·

495 4560 558 4623 que
581 4536 799 4620 Scythopolia.
841 4535 886 4598 At
912 4538 1114 4621 potiaaimnm
1135 4559 1152 4602 a
1170 4539 1238 4602 lla·
1294 4538 1408 4624 uiaque
1431 4537 1553 4622 magia,
1583 4559 1678 4621 qnam
1698 4536 1790 4622 Syria
1811 4559 1900 4604 auam
1923 4541 2039 4608 babeat

498 4691 652 4706 „—

529 4753 564 4811 a‘,
579 4747 688 4824 Syriae.
706 4767 734 4818 c.
752 4749 795 4810 56.
841 4781 846 4790 ·
