4468 5568
481 553 556 624 aar,
935 581 938 590 ·
987 527 994 538 ’
1062 491 1309 610 ιὈΑΡΣῙΤ
1346 533 1415 632 Ἦ.Ι
1497 587 1503 598 .

470 705 700 790 accipiebant,
744 719 837 770 amnt
872 703 967 770 tedes
1005 719 1225 768 conventuum
1282 705 1422 790 primatu
1447 702 1699 770 commentarius
1723 707 1769 787 ι),
1798 707 1831 768 in
1854 729 1920 792 quo
1946 709 2038 772 Buo·

471 825 514 873 ·et
532 809 745 891 judiciorum,
770 810 804 870 in
822 829 886 891 qua
904 807 1126 890 disceptarent
1142 807 1225 870 aliae
1280 807 1421 872 nsrroiii
1438 806 1551 874 brevia
1570 807 1689 874 distata
1711 807 1844 872 uberius
1866 812 2036 893 explicare

384 969 398 990 ,
479 913 597 984 urbas,
625 925 659 975 et
678 929 761 997 quae
780 923 952 994 praetores
969 911 1002 969 in
1018 907 1139 992 oppida
1155 908 1228 970 mir-
1279 910 1437 994 mwspit.

479 1025 608 1090 terent,
638 1029 735 1097 atque
766 1013 861 1076 etiam
890 1029 1058 1074 sacrorum
1080 1029 1141 1092 pro
1163 1008 1228 1072 Aa·
1278 1051 1283 1062 -

475 1118 583 1196 gostis
613 1130 648 1178 et
677 1117 889 1180 certaminum
906 1131 1024 1178 curam
1046 1109 1226 1187 habebam,
1279 1147 1284 1160 ·

481 1236 565 1301 quse
593 1219 701 1280 omnia
731 1236 771 1279 ex
797 1217 906 1282 Dione
933 1215 1165 1297 chrysostomo
1194 1226 1229 1276 et
1348 1209 1458 1278 nasa·
1485 1213 1539 1280 laic
1561 1228 1735 1279 enarratas
1764 1213 1968 1280 eruditorum
1991 1213 2036 1280 de

474 1318 627 1382 ·Ar·istida
648 1319 778 1405 liquore
802 1317 846 1381 ait
866 1322 908 1400 ¹).
941 1315 1008 1379 Sed
1026 1314 1108 1379 haee
1126 1328 1228 1378 teme·
1278 1313 1522 1399 sigaiiiostions
1537 1309 1754 1380 ΠΡΩΤΩΝ
1768 1317 1959 1395 sententias,
1974 1315 2038 1382 scd

481 1439 521 1481 re
550 1419 678 1483 adserta
706 1440 749 1482 ex
776 1419 893 1482 iisdem
919 1416 1107 1482 auctoribus
1128 1414 1228 1478 reici·
1285 1416 1401 1501 quibus
1427 1417 1583 1501 perlectis
1606 1418 1693 1480 haud
1716 1417 1814 1482 dubie
1838 1440 1953 1501 parum
1974 1415 2036 1482 tibi

475 1523 599 1586 lemos.
632 1523 792 1586 Tomenta
812 1521 986 1588 Vaiilaatio
1008 1535 1074 1583 nen
1096 1529 1230 1600 magno·
1286 1517 1468 1603 profecisse
1488 1518 1663 1586 videberis.
1696 1518 1838 1611 Quod
1813 1541 1841 1582 sa
1859 1521 1940 1585 itaec
1959 1535 2036 1584 cau·

481 1639 575 1704 pere
582 1619 733 1685 dissentit
750 1623 956 1684 Horduinus
996 1628 999 1636 “
1286 1640 1321 1686 sa
1350 1620 1491 1684 necdum
1518 1622 1595 1684 satis
1623 1633 1674 1683 est
1701 1621 1880 1698 illustrata,
1911 1639 2034 1707 nequa·

548 1725 705 1786 Ezechiel
727 1723 945 1805 Spcnicmius
964 1718 1123 1802 conjicit,
1153 1739 1229 1784 cou-
1287 1740 1380 1805 quam
1411 1721 1497 1784 istud
1526 1701 1735 1795 triiluendnm
1765 1721 1916 1785 viroram'
1940 1743 2036 1807 prae·

482 1827 662 1886 mononem
693 1823 734 1890 de
764 1824 903 1907 primatu
931 1820 1019 1886 inter
1043 1821 1228 1905 Ephesum,
1288 1822 1437 1886 stantium
1460 1822 1700 1907 negligentiae,
1719 1821 1858 1908 quorum
1873 1825 2037 1903 novimus,

477 1929 670 2006 Bmyrnam,
710 1938 745 1988 et
771 1926 968 2007 Pergamum
1000 1922 1083 1984 inde
1117 1921 1231 2005 profa-
1288 1945 1383 2009 quam
1414 1923 1537 1988 inerint
1565 1925 1751 2006 pertinaces
1772 1925 1808 1990 iu
1829 1926 2034 2011 explicandis

381 2105 388 2110 ,
477 2041 587 2103 ctam,
619 2026 708 2112 qnod
728 2025 911 2088 communia
932 2027 966 2086 in
987 2025 1065 2086 Asia
1091 2043 1233 2106 ριοιοιι-
1286 2027 1673 2104 monumentiseonatus,
1700 2025 1760 2091 sed
1777 2041 1926 2093 aeteram
1944 2049 2036 2093 com·

484 2128 584 2192 solari
607 2143 716 2191 essent
739 2128 846 2210 gentis
869 2128 1025 2201 eoncilia,
1048 2124 1231 2188 communia
1288 2127 1455 2190 mensariis
1473 2125 1541 2192 sive
1561 2127 1658 2210 plene
1675 2127 1859 2206 silentibus,
1877 2129 1946 2194 sive
1963 2129 2037 2212 ejus

474 2231 622 2314 insuper
647 2229 747 2291 totius
773 2229 961 2310 provinciae
988 2229 1129 2312 templa,
1163 2239 1230 2290 tum
1286 2226 1530 2309 significationis
1561 2250 1625 2293 non
1654 2229 1732 2296 satis
1762 2231 1955 2314 explicatam
1983 2252 2036 2296 rs·

473 2349 576 2396 'sacra
605 2343 639 2393 et
667 2347 807 2412 agones,
838 2349 899 2413 pro
933 2329 1048 2414 quibus
1078 2327 1161 2413 apud
1193 2349 1229 2392 se
1287 2329 1411 2392 tionem
1434 2329 1645 2397 tradentibus.
1687 2334 1811 2396 Tamen
1835 2346 1870 2396 ut
1891 2331 2037 2418 ambigui

474 2430 693 2497 celebrandis
715 2431 887 2513 primatum
915 2432 977 2492 sibi
1001 2451 1078 2516 prae
1106 2431 1230 2494 duabus
1279 2431 1383 2513 hujus
1402 2434 1586 2516 argumenti
1602 2451 1714 2498 causas
1730 2449 1764 2497 et
1779 2415 1894 2498 modos
1902 2434 2037 2518 ,quoad

485 2534 557 2598 aliis
577 2533 725 2614 ejusdem
747 2532 935 2616 mariamne
958 2533 1093 2596 urbibus
1114 2533 1231 2595 deberi
1289 2532 1359 2614 ejus
1379 2531 1453 2596 fieri
1471 2533 1609 2617 poterit,
1630 2505 1871 2618 intelligamus,
1898 2555 2037 2600 necesse

478 2633 728 2700 contendebant
755 2633 901 2717 singalas
923 2633 1002 2696 iliae
1025 2647 1092 2697 tres
1113 2633 1232 2718 prima·
1278 2648 1355 2710 cst,
1383 2655 1466 2718 quae
1489 2649 1581 2700 certa
1604 2649 1694 2715 suut,
1723 2659 1871 2723 quaeque
1891 2639 2040 2715 incerta,

413 2745 425 2756 '
485 2739 554 2801 riae
576 2739 646 2821 ejus
664 2735 933 2801 Asiaeciritates.
957 2735 1043 2798 Sed
1043 2753 1115 2798 cum
1132 2733 1231 2810 istud,
1278 2749 1550 2819 repraesentare.

485 2853 609 2902 tantum
638 2835 704 2901 ad
705 2837 859 2900 civitates
886 2836 984 2898 Asiae
1016 2837 1126 2900 ualere
1158 2858 1231 2920 poa·
1352 2836 1531 2933 Quaeritur
1554 2841 1586 2903 l.
1618 2859 1700 2925 quae
1729 2841 1773 2904 sit
1802 2841 1910 2908 nstin
1941 2861 2039 2908 rccu-

486 2957 553 3016 set,
590 2940 632 3005 ad
668 2937 894 3023 explicandum
923 2939 1020 3001 Ponti
1055 2951 1089 2999 et
1120 2936 1233 3020 Bithy·
1288 2939 1357 3001 buli
1380 2935 1511 3018 Πρωτος
1532 2938 1748 3024 significatio?
1778 2943 1918 3008 Ratione
1940 2965 2036 3029 argu·

485 3043 558 3108 niae
600 3041 728 3104 urbium
768 3039 940 3123 primatum
979 3039 1057 3102 alias
1096 3039 1230 3102 arcessit
1287 3041 1389 3105 menti
1407 3042 1510 3104 nostri
1527 3042 1777 3126 triplicemesse
1794 3045 1957 3130 intelligo,
1979 3069 2038 3110 nn·

488 3163 610 3232 cauma.
654 3139 740 3208 vida
769 3142 851 3204 haec
883 3143 990 3204 omnia
1022 3161 1038 3202 a
1073 3141 1144 3200 tiro
1175 3140 1232 3202 do·
1284 3145 1350 3206 nais
1382 3143 1480 3207 etiarn
1508 3143 1692 3210 stabilitam.
1736 3147 1808 3214 Vna
1834 3161 1909 3226 est,
1949 3169 2035 3232 quse

474 3247 631 3309 'missino
663 3242 821 3331 suplicata
855 3243 932 3308 inde
964 3265 982 3306 a
1012 3241 1127 3325 pagina
1152 3241 1228 3308 dia.
1288 3243 1419 3307 nonnisi
1448 3235 1631 3330 simplieeni
1657 3241 1869 3326 dirisionem,
1899 3267 2039 3334 geogra-

476 3347 585 3412 'Tomi
607 3349 631 3412 i.
1260 3383 1266 3394 ·
1283 3347 1434 3430 phicam,
1458 3346 1767 3431 chorographicam,
1789 3364 1843 3412 aut
1865 3369 2041 3436 quamcun-

551 3449 706 3531 Pdils'ppo
725 3443 1159 3528 Baonnrroeiocreditum,
1176 3464 1235 3508 no·
1279 3463 1356 3528 :que
1378 3445 1471 3510 aliam
1493 3447 1632 3528 indicat,
1662 3451 1752 3534 cujus
1775 3453 1908 3536 meris
1930 3465 1980 3517 ast
2001 3453 2038 3514 in

487 3547 575 3615 minc
602 3554 732 3631 primae
756 3547 975 3630 'significatam
1010 3546 1125 3607 urbem
1163 3545 1234 3608 aliis
1279 3547 1396 3612 munais
1435 3545 1763 3616 MAKEnoNitN.
1815 3547 2036 3620 riPttTHE.

487 3651 590 3735 magis
607 3650 784 3724 illustrem,
810 3668 919 3730 usqam
940 3647 1048 3710 tamesi
1064 3647 1139 3710 huic
1159 3668 1235 3733 pro·
1293 3652 1513 3713 Macedonum
1538 3653 1641 3735 partis
1664 3656 1807 3732 primae,
1833 3655 1908 3738 quia
1930 3657 2041 3718 idaeo-

486 3751 601 3838 pterea
624 3747 746 3834 aliquid
770 3749 839 3815 sire
861 3769 960 3813 verae
981 3749 1146 3842 dignitatis
1164 3751 1232 3812 sire
1277 3753 1388 3816 'sionis
1401 3751 1437 3812 i'c
1456 3763 1597 3836 quatuor
1615 3762 1723 3846 pdrtes
1740 3753 1842 3819 divisa
1857 3755 1937 3830 tuit,
1952 3777 2039 3842 quae

486 3855 561 3922 reri
590 3851 804 3916 emolumenti
832 3849 1026 3926 accessisse,
1055 3851 1233 3935 ‘sciamque
1283 3853 1407 3919 divisis
1424 3854 1724 3939 provinciarumia
1744 3859 1900 3939 primam,
1925 3879 2042 3923 secun·

487 3957 589 4020 inisse
617 3952 823 4016 immodicam
856 3939 1065 4017 ambitidnern
1099 3953 1234 4037 adpetiti
1292 3955 1382 4034 darn,
1415 3957 1553 4021 certium
1588 3957 1700 4022 iniimo
1731 3959 1871 4022 Rotnani
1905 3961 2039 4044 imperii

482 4053 1134 4142 ⁴hujusrnnisterilisquetitniicsasam,
1153 4077 1233 4143 quae
1291 4079 1372 4121 aero
1391 4059 1533 4126 marimo
1556 4061 1666 4126 rsiuit.
1709 4059 1838 4124 Eodem
1866 4061 1964 4125 modo
1993 4064 2042 4127 le·

480 4159 621 4248 =quidem
653 4156 759 4222 omnia
791 4177 833 4218 ex
861 4156 1027 4222 veteribus
1062 4160 1234 4223 commode
1272 4162 1396 4256 girans
1431 4162 1467 4226 in
1490 4163 1645 4228 ,denariis
1678 4165 1723 4228 id.
1748 4163 1883 4226 Antonii
1914 4165 2039 4228 LEGso

483 4263 641 4349 probari,
671 4259 835 4325 continuo
867 4259 992 4343 patebit
1018 4257 1060 4340 Ιι).
1099 4247 1249 4334 Eruditi
1287 4269 1458 4345 Patrai„
1494 4267 1574 4362 qnia
1606 4265 1754 4351 laganae·
1785 4265 1930 4328 numeris
1959 4265 2041 4328 deii·

487 4367 584 4452 hujus
608 4361 670 4428 viri
689 4364 889 4428 sententiam
913 4361 1054 4428 laudarit
1078 4363 1234 4448 adproba-
1289 4369 1473 4438 ciebantur.
1518 4379 1554 4439 ln
1589 4369 1750 4453 ,mitibus
1776 4368 1942 4450 exemplis
1974 4387 2041 4452 pfl·

488 4467 601 4551 vitque
623 4467 786 4527 Albortus
811 4463 1044 4542 Mazzoler'sus,
1065 4467 1156 4549 cujus
1178 4487 1233 4530 ex·
1278 4485 1392 4537 'matus
1414 4479 1643 4548 excellentiam
1717 4493 1738 4533 ¹¹
1764 4469 1872 4543 ἆθᾶῑῐι
1899 4469 2040 4554 (1⁸¹⁰le

488 4581 549 4632 stat
571 4567 723 4650 copiosus
740 4559 995 4654 nitidusquede
1012 4569 1081 4633 isos
1102 4563 1231 4634 arbim
1278 4573 1339 4639 ‘itis
1362 4581 1492 4645 umeri
1513 4586 1657 4670 partium
1685 4603 1717 4656 ta
1760 4589 1812 4637 ⁸¹³
1835 4569 2043 4636 'ffi2lfll'ull‘l‘

514 4770 887 4848 va)liusu.Grser.p.209·
921 4771 1188 4839 lintamina.
1204 4793 1308 4856 1³·195·
1324 4805 1384 4862 seq,
1418 4790 1804 4858 ctinnummmffpgm
1912 4823 1918 4834 .
1959 4821 1965 4834 .
2035 4827 2041 4838 .
