4446 5570
509 531 584 604 tro
1124 505 1319 586 carv'r
1352 507 1443 584 m.

515 685 600 750 muri
616 683 751 748 Nemes·
784 681 952 767 Principio
968 692 1077 744 certus
1093 677 1145 744 laia
1160 699 1258 766 agen·
1314 682 1349 744 in
1375 677 1455 746 solia
1477 693 1599 748 tautum
1625 683 1676 746 hia
1700 679 1917 749 marmoribus
1937 683 2061 752 hahita·

516 785 565 848 dia
586 783 680 849 locus
708 783 770 849 luit
794 783 998 868 adsignatus,
1027 795 1061 848 et
1085 781 1258 870 Olympica
1314 799 1374 860 ro,
1401 801 1512 870 neque
1544 785 1586 850 ab
1611 784 1677 849 alio
1706 787 1858 870 quopiam
1894 788 2058 872 acriptore

511 885 648 974 'quidem
680 901 751 952 acta
775 901 849 952 sunt
871 887 905 948 in
936 885 1090 970 Olympia
1112 883 1256 950 Pisatidu
1313 895 1429 954 vetere
1466 885 1608 972 hospitio
1647 903 1832 973 exceptum.
1881 889 1944 954 lllo
1980 909 2060 956 saue

512 989 638 1068 Elidis,
667 991 782 1072 Pythia
817 987 903 1072 apud
926 987 1095 1072 Delphos,
1113 987 1261 1051 'Isthmia
1296 1007 1408 1080 ‚usam
1435 985 1531 1054 uideo
1558 987 1732 1054 Philonem
1769 990 1946 1070 Iudaeum,
1982 1011 2058 1058 cum

513 1095 545 1154 in
574 1091 696 1154 Isthmo
722 1089 951 1162 Corinthiaco,
989 1087 1171 1152 Nemesin
1200 1089 1256 1151 ne·
1313 1089 1496 1172 significare
1512 1111 1584 1154 rom
1599 1112 1665 1154 non
1681 1092 1812 1174 quidem
1825 1094 2056 1170 eandem,aed

512 1212 606 1258 more
638 1211 743 1275 prope
770 1191 934 1268 Cleonas,
973 1189 1088 1276 quihus
1118 1204 1256 1278 propter
1312 1189 1409 1272 plane
1437 1193 1577 1256 similem
1603 1193 1716 1258 uoluit.
1758 1195 1872 1279 Agens
1899 1197 1987 1260 eninr
2014 1197 2056 1262 de

512 1295 693 1360 claritatem
723 1289 806 1356 adde
831 1291 1005 1358 constituta
1031 1275 1136 1356 serius
1160 1291 1261 1356 Actia·
1312 1289 1677 1380 honoribus‚Augusto
1719 1295 1872 1362 decretis
1903 1296 1968 1362 lanc
2005 1319 2057 1364 re-

511 1394 676 1462 celelsrsts
706 1391 885 1476 Nicopoli,
923 1406 956 1454 et
983 1392 1163 1476 Capitolina
1189 1395 1254 1460 llo·
1311 1391 1377 1454 fert
1392 1397 1440 1475 ⁰):
1469 1391 1592 1474 nauci
1615 1395 1752 1481 oiaapan,
1774 1421 1833 1473 rac
1849 1393 2057 1468 ΙΣΟΛΤΜ-

509 1517 593 1563 mae.
623 1497 666 1559 At
688 1515 843 1560 succussu
859 1495 1018 1578 temporis
1037 1494 1152 1559 eadem
1172 1497 1253 1561 haec
1310 1487 1463 1558 ntor}
1488 1491 1569 1579 dorp
1588 1519 1682 1581 τιμας
1701 1495 1898 1578 ὄψιφισιιιιἰ
1927 1503 2056 1570 uniuer-

388 1657 392 1684 ,
510 1599 686 1665 certamina
702 1599 736 1660 in
752 1610 881 1662 exteras
896 1616 1026 1682 quoque
1042 1597 1144 1662 urbes
1158 1597 1259 1661 luere
1309 1617 1367 1658 sus
1388 1597 1477 1660 ortis
1499 1597 1640 1662 honores
1660 1603 1694 1662 ei
1714 1601 1911 1664 coelestibus
1928 1605 2056 1668 airtiies

508 1695 634 1778 accita,
661 1718 777 1794 eaque
800 1697 903 1776 adeo,
933 1699 1111 1784 praecipue
1140 1695 1262 1781 Olym
1308 1697 1463 1761 docrevit.
1495 1695 1570 1792 Quo
1589 1699 1687 1764 modo
1709 1700 1806 1764 etiam
1825 1701 2052 1770 Constantinus

506 1803 579 1890 pia,
607 1784 741 1886 Pythia,
770 1801 881 1878 Actia,
912 1799 945 1862 in
968 1800 1114 1884 copiosis
1139 1821 1258 1866 earum
1307 1799 1353 1862 Μ
1376 1796 1512 1862 Graecis
1530 1799 1723 1866 Christiania
1740 1797 1844 1868 dictus
1865 1802 1961 1870 tuis'
1949 1825 2053 1870 tranu-

507 1903 614 1970 n'umis
645 1917 775 1969 exarata
805 1903 956 1986 legimus.
988 1902 1103 1982 ,Causa
1136 1887 1253 1968 similis
1309 1903 1419 1978 schor,
1441 1901 1620 1982 Apostoli:
1639 1923 1722 1984 pur,
1742 1905 1816 1990 quia
1837 1907 1993 1972 horum
1983 1907 2055 1972 tmi-

507 2005 732 2092 appellationis
766 2004 851 2082 fnit,
881 1997 984 2088 quod
1014 2003 1161 2070 ciuitates
1195 2005 1252 2070 do·
1307 2013 1393 2066 tatus
1417 2000 1587 2069 lentorem
1607 2002 1822 2074 Christianam
1852 2005 1951 2106 iidem
1977 2031 2052 2096 pro·

508 2109 660 2174 musticoa
682 2127 757 2172 auos
781 2107 877 2170 ludos
900 2105 939 2182 ad
957 2105 1143 2200 exemplum
1161 2120 1250 2173 aete-
1307 2103 1448 2188 pagetis.
1492 2105 1648 2171 Getarum
1674 2125 1741 2172 unu
1764 2116 1866 2186 rino,
1893 2099 1956 2182 cur
1982 2111 2052 2176 ludi

505 2205 578 2276 rum
602 2209 735 2274 illorum
753 2203 914 2271 Graecias
934 2209 1147 2271 certaminum
1175 2228 1251 2272 con·
1307 2203 1436 2289 quidam
1453 2206 1571 2290 priuati
1587 2206 1777 2275 dicerentur
1794 2209 1965 2297 Olympia,
1987 2235 2050 2280 nus

503 2314 732 2379 formauerant.
786 2309 893 2392 Atque
939 2309 973 2372 iu
1012 2309 1077 2374 hcc
1116 2308 1249 2394 quidem
1306 2325 1401 2370 caure
1422 2305 1514 2384 luit,
1537 2309 1627 2394 quud
1647 2311 1699 2376 illi
1719 2310 1761 2377 ad
1781 2312 1914 2378 modum
1938 2313 2049 2402 (atyn

426 2423 431 2436 '
505 2437 603 2478 sensu
625 2407 781 2497 capienda
803 2407 883 2470 mihi
899 2408 1051 2475 ridentur
1072 2411 1254 2477 nocabnlar
1303 2409 1434 2494 piorum
1460 2409 1573 2494 quinto
1597 2413 1712 2496 quouis
1739 2434 1825 2478 anno
1856 2433 2049 2484 recurrente

440 2511 451 2518 ’
502 2515 588 2584 EN.⁸
618 2505 891 2576 ΚΑΙΣΑΡΕΙΑ.
933 2505 1185 2592 mauolt,
1213 2527 1252 2578 et
1304 2511 1468 2574 celebrari
1496 2525 1571 2602 sunt
1594 2513 1704 2591 soliti,
1735 2528 1772 2578 ut
1799 2515 1928 2582 dicotur
1954 2519 2048 2600 infra,

502 2613 579 2684 EN.
609 2605 790 2678 ΤΑΡΣΩ.
819 2605 1133 2677 ΙΣΟΛΤΜΠΙΟΝ
1144 2659 1153 2692 ,
1167 2635 1248 2678 ·me·
1304 2609 1360 2676 nbi
1381 2611 1424 2676 de
1442 2612 1604 2697 Olympiis
1623 2633 1769 2698 agemus.

503 2730 628 2784 morata
651 2715 686 2777 in
716 2731 879 2776 marmora
904 2710 1089 2778 Chandleri
1106 2717 1157 2796 ¹),
1188 2716 1254 2780 ite*
1388 2713 1721 2781 Animadvertendum
1752 2733 1946 2804 praeterea,
1976 2741 2049 2790 cum

501 2840 575 2883 rum
594 2809 876 2880 ῙΣΟΛΤΜΠΙΑ
894 2813 926 2874 in
943 2817 1251 2902 marmorelleapo·
1304 2813 1337 2876 in
1361 2833 1428 2880 uno
1463 2813 1648 2902 eodemque
1681 2841 1781 2886 numo
1805 2822 1859 2888 uel
1884 2844 2047 2892 marmure

502 2922 621 2998 litana,
644 2909 732 3004 quod
755 2913 888 2980 exhibet
903 2915 1058 2981 Gursinua
1082 2913 1127 3000 ιι).
1170 2919 1249 2984 Eni-
1303 2916 1398 3002 plara
1412 2933 1648 2985 coacervantur
1662 2921 1814 2988 ludorum
1828 2926 1977 3004 nomina,
1993 2947 2050 2992 ue·

502 3021 611 3086 stimat
634 3019 780 3084 eruditus
805 3017 859 3082 hic
880 3018 950 3095 air,
979 3021 1161 3104 composito
1182 3023 1246 3088 hoe
1304 3039 1464 3104 quaquam
1497 3020 1732 3108 intelligendos
1759 3025 1857 3090 ludos
1895 3028 2049 3116 multipli-

501 3113 633 3191 nomiae
656 3119 870 3204 intelligenda
891 3112 1074 3196 ΙΣιλας-ικιι
1093 3117 1249 3187 ΟΛΤΜ
1304 3135 1416 3199 οιιοι,
1444 3120 1505 3186 ιιι]
1525 3143 1644 3202 mum,
1673 3145 1814 3214 eumque
1835 3127 1950 3194 alienia
1974 3131 2049 3196 titu-

502 3222 758 3303 111A‚mattm
781 3242 952 3300 asserere,
987 3243 1060 3288 esse
1087 3227 1247 3309 composi·
1304 3221 1345 3285 lis
1366 3224 1551 3310 turgidum,
1581 3226 1669 3312 quod
1707 3228 1772 3312 jam
1807 3229 1903 3294 etiam
1932 3231 2048 3304 ridere

502 3343 571 3392 tum
596 3347 637 3391 aa
656 3319 759 3402 ΙΣος,
781 3327 953 3403 aequalis,
981 3328 1121 3404 similis,
1144 3340 1180 3391 at
1199 3327 1246 3390 in·
1304 3325 1459 3388 l'sselinus
1482 3327 1513 3408 ἃ)
1533 3327 1688 3394 Corsinus
1703 3331 1795 3411 e>ac
1821 3331 2047 3416 spanhemius,

503 3432 637 3508 dicare,
659 3426 835 3493 certamina
859 3425 953 3490 Actia
978 3415 1144 3492 celelirata
1167 3430 1246 3494 fiae·
1303 3446 1368 3511 quo
1391 3426 1418 3491 is
1440 3428 1517 3492 loco
1534 3429 1706 3514 conjuncta
1724 3453 1757 3494 an
1767 3435 1918 3517 Ancyrae
1940 3441 2047 3506 numis

502 3551 638 3609 serene,
676 3543 709 3595 et
733 3528 885 3614 Olympia
910 3541 979 3594 uela
1004 3531 1098 3592 Tarsi
1131 3531 1250 3595 similia
1301 3529 1442 3594 nonina
1478 3526 1740 3600 AGKAHIHA.
1787 3533 2045 3610 ΟΩΤΗΡΕΙΑ.

501 3654 575 3700 ease
597 3645 752 3709 naturae,
781 3631 873 3712 cujas
897 3631 1081 3696 suntActia
1104 3635 1245 3718 Nicopo·
1302 3628 1454 3714 lempna..
1491 3626 1657 3702 meta.
1699 3635 1739 3701 ad
1784 3640 1854 3704 sola
1896 3642 2047 3726 Ancyrae

500 3737 564 3814 lia,
586 3747 619 3798 et
643 3731 795 3817 Olympia
816 3729 942 3808 Elidis,
971 3730 1061 3804 undo
1081 3750 1243 3824 sumptum
1301 3735 1474 3818 Aaclepia,
1497 3755 1580 3821 quse
1608 3736 1713 3802 simul
1726 3753 1761 3804 at
1781 3741 1915 3808 lstitmia
1937 3747 2045 3828 eth·

501 3833 708 3920 exemplum,
729 3831 898 3913 ecdem'
865 3834 1019 3898 ιιιιιιίιιιιιι
1038 3835 1155 3918 modo,
1164 3860 1243 4004 lquc
1301 3838 1369 3902 thie
1391 3835 1601 3918 dicerentur,
1623 3841 1800 3908 referenda
1819 3845 2044 3930 contraditi).

501 3935 621 4001 Graeci
655 3934 810 4000 dicunt
800 3936 962 4018 inerepas,
992 3953 1089 4002 canto
1125 3943 1245 4006 veloci·
1300 3939 1397 4006 Addo
1427 3955 1617 4024 argumenta
1652 3943 1716 4008 alia
1749 3966 1791 4010 au
1826 3951 2045 4016 monumentis

501 4051 573 4103 tatu
598 4037 742 4114 similis,
776 4036 956 4116 interponor,
992 4043 1052 4119 put'
1076 4045 1244 4108 similibus
1300 4043 1411 4126 petita.
1441 4040 1594 4126 clangitur
1612 4043 1646 4106 iu
1662 4047 1770 4110 numia
1788 4048 1944 4118 Coloniae
1962 4053 2046 4118 laso-

500 4154 552 4204 est
578 4138 733 4202 moribus.
775 4137 893 4224 Neque
917 4159 1000 4204 vero
1033 4143 1105 4230 quia
1135 4146 1243 4210 existi·
1300 4145 1416 4212 diceae
1444 4145 1559 4230 Syriae
1585 4146 1902 4218 ant'OtttNtattA.
1928 4153 2044 4226 Pvtt.

500 4256 586 4322 met,
608 4239 801 4308 voaahntnn
827 4239 1024 4324 ι’σολιμπιος,
1047 4246 1107 4310 etsi
1129 4247 1170 4310 ad
1197 4249 1243 4310 lo·
1301 4247 1350 4331 (id
1372 4261 1444 4314 est:
1476 4248 1616 4333 lycinio)
1639 4262 1718 4335 typo
1742 4251 1881 4320 duorum
1907 4255 2045 4326 Centau.

498 4349 571 4412 uisa
599 4358 711 4411 nostra
735 4343 861 4409 Graeca
888 4344 1033 4409 nondum
1059 4345 1242 4428 diverterit,
1299 4371 1422 4418 rorum
1443 4371 1506 4420 raa·
1526 4351 1619 4416 natta
1648 4353 1809 4420 relertuua
1840 4361 2044 4442 tenentium

493 4495 2052 4532 ...mm

536 4575 680 4646 a.)lnser
698 4589 756 4634 aut.
774 4595 807 4651 p
822 4587 866 4650 9²
886 4575 937 4636 Vl.
1010 4579 1044 4650 b)
1065 4579 1136 4639 diss.
1155 4581 1287 4657 agonia
1304 4583 1373 4642 latlr
1394 4587 1429 4656 β..
1437 4583 1513 4644 x1v.
1588 4585 1726 4662 φημι.
1745 4587 1901 4662 adCajutn
1921 4589 1990 4648 vot.
2006 4591 2041 4648 ll.

498 4663 567 4722 edit
584 4667 707 4742 llrngey
727 4685 794 4742 pag
813 4669 874 4730 567
948 4667 983 4744 d)
1004 4667 1036 4727 B.
1052 4671 1084 4730 1.
1105 4672 1172 4731 hist.
1192 4673 1228 4732 Τ.
1243 4672 1279 4738 V.
1298 4693 1329 4750 p
1342 4685 1406 4742 280
1482 4679 1512 4754 a>
1532 4675 1608 4736 Dias.
1627 4677 1749 4755 Aaou
1740 4699 1772 4736 ιιι
1787 4677 1890 4738 ΙιιΙιιιι
1919 4685 1944 4754 §.
1963 4679 2042 4742 xlv.

496 4749 526 4830 ι’)
546 4756 602 4836 Ep.
617 4755 641 4816 l
661 4753 827 4814 adhlctell.
848 4757 872 4832 l.
889 4769 915 4824 3.
