4444 5558
635 463 787 592 alut
819 513 1251 589 anexauonnot.
1668 529 1714 592 ῃ

168 681 223 744 mi.
267 681 359 748 Idem
380 682 500 748 docent
518 695 668 750 anotorea
685 683 750 748 dao
766 683 912 748 illustret
1031 681 1210 766 Arigoniuo
1231 681 1266 745 id
1282 701 1385 766 genua
1408 699 1558 758 numum,
1582 681 1711 766 qualem

168 783 245 860 alii,
275 784 462 849 Macrobius
486 787 539 868 ¹),
579 799 614 850 et
641 785 844 870 Porphyrius
868 782 912 867 b).
967 785 1132 852 IoconI.
1159 786 1406 869 proposuimua,
1429 803 1548 866 nempe
1565 767 1644 846 eum
1663 784 1713 844 Io·

167 884 264 948 Adde
287 897 455 952 auctorem
475 887 674 967 incertum„
690 889 770 952 olim
791 887 914 950 Cento·
968 907 1009 952 ve
1028 899 1062 950 et
1080 885 1272 971 Sagittario,
1294 887 1457 970 vulgarit,
1487 885 1547 950 aad
1568 905 1642 948 enm
1657 903 1712 948 an·

165 987 275 1050 rinum
320 988 481 1052 creditum
511 993 558 1073 ο),
597 989 751 1054 Proolnm
793 987 914 1051 Diodo-
968 1005 1013 1048 no
1037 984 1109 1052 ΚΔ.
1153 987 1243 1051 Iatud
1271 986 1426 1050 indicium
1461 988 1489 1050 ai
1521 1006 1586 1049 non
1617 985 1711 1067 fallit,

168 1087 289 1170 ohtd),
318 1089 454 1152 Sextum
475 1089 746 1174 Empirteume),
779 1104 812 1154 et
835 1091 911 1151 Ser·
967 1107 1033 1150 non
1052 1085 1124 1150 aolo
1139 1086 1296 1151 Antonini
1314 1109 1398 1152 anno
1414 1089 1521 1164 v111.,
1550 1087 1610 1151 aed
1640 1085 1712 1150 aliia

166 1189 255 1254 rictu
278 1187 317 1272 f).
361 1191 489 1253 Deaunt
518 1195 606 1256 Mara
632 1191 665 1254 in
698 1189 837 1268 Ariete,
876 1201 910 1253 et
967 1207 1097 1271 qnoque
1112 1189 1227 1253 similis
1243 1189 1378 1254 rationis
1393 1186 1709 1252 numiAlexandriee

167 1291 353 1355 Mercurius
375 1291 409 1354 iu
430 1291 597 1370 Geminis,
625 1292 685 1357 aed
707 1306 741 1356 et
765 1291 801 1353 hi
820 1289 910 1353 forta
968 1303 1042 1352 eunt
1063 1289 1189 1374 rigueti.

166 1395 200 1454 in
218 1391 368 1476 quopiam
390 1415 504 1459 muaeo
527 1396 646 1471 latent,
677 1407 710 1456 ct
737 1405 911 1480 emergent
1224 1422 1243 1464 a
1328 1374 1347 1410 *
1431 1420 1482 1457 ι’

165 1492 342 1580 aliquando
360 1495 393 1558 in
414 1493 536 1562 lucem.
579 1497 728 1560 Arietem
758 1507 848 1558 certe
876 1493 912 1554 iu
1019 1491 1061 1552 1..
1084 1493 1112 1556 I.
1134 1493 1202 1584 Lep
1220 1505 1345 1556 ostrum
1360 1495 1549 1578 respiciens.
1572 1492 1640 1556 ΛΕ.
1654 1493 1707 1554 III.

166 1616 226 1658 eoo
247 1595 329 1659 vidit
346 1595 520 1671 Panelina,
550 1594 610 1658 aed
631 1596 793 1680 planetam
814 1593 912 1659 addc·
968 1591 1148 1676 (ArIgoni.)

165 1717 204 1760 re
227 1697 375 1779 neglexit
394 1699 439 1778 e).
482 1694 577 1789 Quae
598 1695 699 1760 fuerit
720 1694 916 1772 Alexandri·
1031 1694 1123 1756 Idem
1146 1705 1239 1776 typus
1266 1693 1380 1758 obtine
1401 1709 1452 1758 eat
1470 1695 1631 1758 innamio
1649 1696 1710 1756 Mi·

167 1795 219 1860 nia
243 1816 359 1873 cauea,
389 1797 605 1880 astrologicae
629 1798 690 1861 hoa
712 1815 848 1874 numos,
878 1808 912 1858 et
968 1795 1038 1860 leti.
1082 1797 1120 1857 In
1140 1795 1277 1859 Milesiis
1302 1797 1515 1860 verisimilem
1539 1798 1610 1879 ejna
1641 1797 1708 1880 typi

168 1897 301 1982 quidem
344 1919 429 1962 anno
456 1895 613 1960 Antonini
633 1900 721 1968 VIII.
756 1895 909 1974 feriundi,
966 1917 1094 1961 caueam
1111 1917 1179 1961 nou
1203 1897 1371 1962 labemua.
1414 1899 1458 1959 At
1478 1917 1551 1962 cum
1569 1900 1620 1961 tol
1641 1897 1711 1960 lcu-

166 2019 295 2064 cauum
321 1998 472 2065 idoneam
502 2019 568 2062 non
592 2001 719 2084 caperit
740 1998 910 2063 Barthele·
965 2019 1041 2062 nem
1064 1998 1264 2082 ingreditor,
1285 2019 1402 2082 magna
1424 1999 1510 2062 iotnd
1536 1999 1708 2064 univeraea

165 2123 269 2184 myas.
311 2100 446 2184 Aliquid
468 2115 575 2166 tamen
592 2101 709 2167 videor
726 2121 825 2185 pocae
842 2099 909 2163 ool·
965 2103 1115 2184 Aegypto
1154 2101 1240 2164 bene
1275 2099 1429 2184 operandi
1463 2119 1581 2178 canoa,
1620 2099 1709 2182 qnod

163 2203 271 2286 ligere
302 2221 344 2266 ex
374 2203 548 2267 scholiasta
576 2203 747 2287 Apollonii
776 2201 908 2281 Rhodii,
964 2215 1033 2266 tum
1051 2203 1145 2266 altiua
1164 2200 1344 2287 adsurgens
1362 2201 1456 2266 Nilua
1476 2199 1708 2266 fecunditatem

162 2310 220 2390 qui
256 2303 365 2370 verbis
395 2305 565 2388 Apollonii
600 2305 768 2383 docentia,
801 2305 910 2390 Aegy·
963 2291 1127 2388 procurat.

162 2405 248 2490 ptioa
265 2406 355 2490 priua
377 2407 560 2485 exatitiaae,
584 2426 679 2492 quam
697 2408 909 2472 omniaaide·
1222 2436 1242 2476 a
1325 2385 1346 2422 *
1429 2434 1448 2472 e

163 2529 220 2583 ra,
251 2526 334 2590 quaa
360 2509 456 2572 coelo
485 2508 685 2587 volvuntur,
714 2522 825 2573 eaaeut
854 2529 909 2573 oo·
1027 2509 1140 2572 Annon
1166 2507 1200 2570 in
1225 2507 1381 2572 Antonini
1414 2505 1520 2570 nomia
1541 2506 1706 2568 'habemur

163 2606 568 2692 guito„haec.oubdit·¹¹)t
590 2613 669 2673 καθα
692 2633 746 2688 την
765 2621 908 2691 reparer
959 2629 1066 2695 traque
1095 2609 1167 2675 ΚΔ.
1189 2631 1263 2674 cnm
1292 2609 1442 2675 omnibua
1478 2607 1616 2683 modiin,
1648 2606 1707 2668 aed
1787 2687 1793 2698 .

161 2725 344 2784 morereretur
365 2708 460 2773 άντων
492 2703 599 2773 totae.
631 2735 681 2774 eor
710 2735 751 2773 τα
777 2709 910 2796 dropace
965 2732 1083 2776 aunum
1119 2710 1151 2774 A
1182 2711 1217 2774 in
1245 2711 1342 2776 unico
1371 2710 1541 2776 Patiniano
1580 2708 1708 2792 reperit
1806 2775 1816 2790 „

164 2817 283 2892 Sarrae,
303 2837 352 2876 aer
373 2835 415 2875 ra
433 2835 488 2897 par
511 2806 633 2874 eoam
651 2805 752 2895 {cira
768 2815 840 2888 Seue
859 2821 909 2890 βυ·
963 2815 1099 2896 Zoiga,
1130 2827 1227 2898 atque
1257 2815 1353 2878 etiam
1381 2814 1414 2876 in
1439 2814 1503 2877 hoc
1526 2811 1706 2912 legendum

164 2923 254 2990 λαως
291 2929 561 2997 recorderamur,
596 2935 650 2989 rae
686 2907 722 2976 dr
751 2919 909 2993 πλωητας
962 2916 1004 2982 L.
1021 2913 1097 2992 H..
1123 2915 1196 2996 iure
1218 2915 1372 2998 conjicit,
1405 2914 1480 3000 qnia
1509 2936 1625 2977 namna
1655 2927 1706 2978 eet

164 3009 359 3097 ῥαβδοφοςυς.
393 3014 602 3096 Quapropter
621 3016 778 3078 videntur
791 3018 908 3101 Aegy·
962 3016 1179 3099 eatrologioua
1201 3030 1279 3101 typo
1293 3018 1408 3079 Lunae
1429 3029 1462 3079 et
1485 3017 1605 3079 cancri
1641 3017 1706 3078 No·

157 3119 228 3198 prii
236 3117 341 3200 primi
353 3131 466 3174 eorum
480 3119 906 3197 ecturemperspexisre,·et
963 3137 1027 3202 que
1053 3118 1195 3194 mirum,
1230 3136 1298 3178 non
1328 3131 1463 3180 exstare·
1485 3137 1604 3179 namoa
1630 3135 1706 3178 cum
1813 3181 1824 3196 ,

160 3222 208 3281 iis
219 3219 354 3280 nomine
369 3215 509 3278 dedisce.
532 3210 578 3276 Et
590 3215 762 3280 duodecim
777 3219 906 3296 quidem
963 3237 1048 3280 anno
1076 3217 1205 3302 prino,
1243 3236 1318 3279 nam
1347 3217 1375 3278 ia
1410 3216 1540 3279 nonniai
1566 3216 1705 3280 x.1utii

160 3319 294 3380 zodiaci
315 3317 413 3397 aigne
434 3315 684 3396 appellaverunt
702 3317 780 3380 deos
802 3323 909 3383 corm'-
963 3319 1005 3388 V.
1026 3319 1062 3384 C.
1092 3318 1166 3402 dqa.
1202 3317 1332 3401 eoepit,
1364 3315 1510 3380 exitnrno
1537 3317 1703 3399 aequantia

159 3419 296 3492 liarios,
310 3419 468 3500 planetes
482 3436 559 3477 uero
571 3417 718 3481 lictores.
740 3419 810 3484 Hac
823 3440 905 3504 crgo
962 3418 1102 3503 Augusti
1118 3419 1171 3482 dIe
1181 3419 1298 3484 XXIII.
1310 3418 1422 3481 Annua
1436 3430 1620 3503 pontremca
1629 3417 1702 3484 ΚΔ.

159 3518 278 3584 fiducia
287 3516 466 3583 verisimile
483 3515 782 3582 eat-Alexandrinae
791 3535 903 3587 vetera
960 3522 1055 3588 inivit
1076 3534 1218 3586 exeunte
1234 3522 1382 3604 Augusto
1397 3520 1439 3589 V.
1457 3519 1494 3584 G.
1514 3518 1607 3600 ord„
1636 3539 1702 3604 quo

159 3623 237 3686 artie
249 3641 325 3686 tune
340 3618 620 3706 praeceptainhio
630 3619 737 3682 numia
747 3635 904 3686 ostentas·
942 3621 1091 3696 ,labente
1113 3636 1259 3685 mortuno
1277 3633 1328 3685 eat
1344 3621 1422 3685 Pico
1441 3617 1620 3704 imperator
1630 3622 1702 3690 v11.

159 3747 212 3802 oe,
237 3738 271 3788 et
285 3721 372 3786 iatnd
384 3721 450 3783 illia
466 3721 514 3784 aio
532 3721 636 3784 nisum
649 3739 735 3784 auno
745 3724 903 3787 Antonini
957 3725 1068 3789 Idartii
1087 3724 1130 3792 V.
1145 3723 1182 3790 C.
1198 3735 1272 3806 914.

159 3829 262 3903 VIII,
276 3821 624 3906 fortequiaannioVII.
636 3822 767 3904 imperii
778 3825 899 3890 exactio
1015 3826 1141 3890 lethaeo
1157 3825 1329 3890 commode
1344 3825 1509 3891 laactenna.
1552 3828 1598 3888 At
1613 3826 1701 3890 enim

156 3930 358 4014 planetarum
392 3943 566 3986 numerum
596 3924 756 4009 aequarit.
807 3926 900 4022 Quae
956 3928 1079 3992 nodum
1103 3948 1211 4013 nuper
1232 3927 1353 4011 objecit
1377 3927 1427 3992 el.
1443 3927 1579 4011 -Zot'iga,
1601 3947 1699 4014 quem

155 4029 279 4093 ibidem
294 4025 616 4108 oliaBartItelemyua
628 4026 669 4089 de
683 4032 902 4094 monumentia
956 4029 1117 4094 Gordium
1137 4048 1218 4097 rere
1241 4030 1351 4094 dicere
1367 4029 1490 4120 poaalia,
1511 4029 1606 4095 hinec
1625 4051 1700 4115 pro·

157 4144 307 4199 veteram
323 4127 551 4210 eotrologicam
567 4130 834 4212 caperetitionem
848 4153 901 4197 rc·
957 4131 1133 4218 mulgando
1158 4152 1275 4216 numos
1305 4152 1347 4196 ex
1369 4151 1483 4196 muaec
1513 4131 1604 4217 regio
1625 4131 1701 4197 Gal-

157 4231 344 4298 dolentihna
358 4228 487 4293 erudite
504 4228 646 4309 diaaerit,
661 4231 750 4315 qnod
761 4233 901 4298 instituti
957 4234 1073 4298 liarom
1092 4253 1166 4298 cum
1190 4235 1231 4299 L.
1247 4229 1321 4298 KG.
1345 4245 1379 4296 et
1398 4234 1483 4319 typia
1501 4235 1566 4318 jam
1587 4237 1702 4319 cogni·

157 4337 223 4398 mei
240 4347 325 4399 artoa
339 4331 459 4394 limite·
473 4331 653 4436 excedant,
675 4333 856 4402 diuimnlo.
956 4337 1007 4402 tia.
1050 4340 1163 4402 Annae
1183 4335 1237 4402 hio
1264 4335 1369 4406 XXV.
1410 4357 1476 4421 quo
1498 4352 1594 4422 pacto
1623 4359 1698 4403 eam

191 4567 222 4637 a)
243 4565 274 4621 m
290 4561 395 4618 somn.
409 4560 489 4634 scip.
508 4559 540 4618 L.
552 4561 575 4618 Ι.
594 4581 621 4619 e.
638 4575 684 4623 ar.
700 4565 859 4626 ansatum.
876 4566 947 4629 1..1.
967 4589 993 4628 e.
1005 4583 1061 4634 ra..
1122 4567 1157 4642 b)
1177 4567 1215 4624 de
1236 4579 1319 4626 antro
1335 4567 1464 4647 Nymph-
1521 4569 1697 4646 e)eap.111.

157 4656 191 4726 d)
207 4655 238 4710 in
251 4651 394 4728 Paraphr.
410 4649 448 4706 ad
458 4647 532 4706 Ptol.
542 4649 705 4711 Tetralribl.
719 4655 784 4716 L.1.
801 4678 828 4718 c.
839 4671 884 4724 20.
930 4659 961 4733 e)
977 4659 1119 4717 adversus
1136 4657 1298 4734 omotages
1318 4661 1341 4732 §·
1352 4668 1397 4728 el.
1453 4659 1487 4735 I)
1503 4656 1661 4736 adGeorg·
1672 4665 1695 4721 1.

156 4766 182 4804 v.
197 4756 243 4812 3³.
299 4745 332 4818 g)
351 4741 372 4798 1.
390 4762 416 4799 c·
472 4739 508 4811 h)
527 4738 796 4812 adl..1t⁷.a.262.
