4444 5558
484 557 508 618 «ι
1094 535 1416 610 AEGYPTVS.

485 719 636 770 monetae
657 702 788 768 unicam
810 701 996 787 exemplam
1018 701 1103 787 apud
1121 704 1229 768 Hero·
1346 703 1410 772 Vir
1426 702 1573 767 cruditos
1589 715 1666 788 typo
1685 703 1809 767 anticas
1827 705 1912 791 Apin
1930 725 2026 789 agno·

485 805 599 871 dotum
615 807 760 891 reperio.
782 807 901 868 Narrat
915 804 943 866 is
964 807 1012 886 ¹),
1031 805 1227 888 Aryandem,
1284 804 1347 871 scit
1363 805 1532 889 Aegyptiis
1549 803 1645 868 deum
1664 803 1875 885 familiarem,
1901 821 2025 870 etcum

483 909 543 993 qni
557 928 619 993 pro
631 907 792 990 cambyse
806 907 909 970 Persa
923 907 1065 990 Aegypti
1080 927 1138 972 res
1155 926 1232 991 prc-
1285 929 1403 971 numm
1426 919 1596 992 praeterea
1615 925 1658 968 ex
1678 906 1830 990 Aegypto
1855 908 1918 970 sibi
1941 908 2026 972 edla·

485 1010 635 1086 curabat,
658 1009 698 1072 ab
715 1007 812 1092 hujus
827 1027 1017 1073 successore
1032 1009 1135 1072 Dario
1154 1009 1229 1072 neci
1285 1022 1338 1073 tus
1356 1023 1461 1086 esset,
1485 1029 1552 1070 non
1572 1005 1696 1090 dubitat
1713 1028 1787 1070 eum
1803 1016 1954 1094 Aegypto
1972 1010 2028 1072 tri·

484 1109 595 1174 datum
622 1123 760 1194 propter
782 1108 973 1192 adrogstmn
993 1108 1056 1174 sibi
1077 1123 1228 1174 monetae
1283 1107 1460 1174 brendam.
1503 1109 1578 1172 Non
1605 1129 1804 1194 magnopere
1826 1131 2028 1196 repugnare·

482 1215 547 1298 ¹jus.
575 1214 657 1275 Nam
674 1231 746 1274 cum
761 1211 881 1273 Darius
900 1231 1037 1275 exauro
1054 1210 1227 1295 purissimo
1283 1231 1336 1277 ro.
1380 1211 1447 1274 Sed
1478 1209 1566 1294 quod
1596 1209 1706 1286 addit,
1745 1211 1904 1276 credibile
1935 1231 2027 1288 esse,

484 1332 602 1377 numos
625 1310 750 1376 ssandos
774 1326 937 1390 curasset,
961 1311 1085 1376 similes
1108 1312 1142 1373 in
1163 1312 1227 1375 Ae·
1283 1325 1361 1396 typo
1397 1312 1515 1396 equitis
1551 1311 1702 1376 exbiberi
1738 1312 1923 1394 Aryandem
1963 1312 2026 1376 Ae·

483 1427 587 1500 gypto
608 1411 797 1497 Aryandes,
828 1412 887 1475 sed
914 1433 956 1476 ex
983 1427 1120 1496 argento
1142 1413 1226 1475 item
1284 1413 1375 1495 gypti
1404 1411 1605 1496 praefectum
1633 1413 1694 1474 sab
1726 1414 1828 1476 Dario
1858 1427 2027 1498 postremo

482 1514 659 1598 purissimo
675 1513 779 1579 feriit.
808 1513 926 1593 Addit,
950 1531 1007 1577 sua
1025 1532 1154 1599 quoquc
1176 1533 1233 1578 ae··
1283 1515 1418 1577 Persice
1440 1531 1540 1596 rege,
1568 1515 1736 1596 (corrige,
1758 1514 1817 1576 sub
1839 1515 1941 1577 Dario
1961 1513 2029 1596 Hy·

483 1630 550 1681 tete
573 1628 743 1700 argentum
767 1615 909 1684 omnium
928 1615 1135 1698 purissimam
1152 1635 1228 1680 esse
1284 1617 1431 1700 staspis,)
1461 1615 1566 1678 minus
1593 1615 1695 1678 credo
1720 1614 1856 1678 eruditis
1878 1616 2029 1700 probsbi·

482 1717 712 1801 Aryandicum.
742 1715 1018 1802 Pollnoitqucgue
1038 1731 1227 1800 argentum,
1284 1729 1347 1782 tur.
1389 1719 1506 1780 Narrat
1534 1718 1743 1794 Herodotus,
1777 1729 1812 1779 ut
1839 1718 1948 1800 paullo
1977 1737 2029 1779 su·

485 1818 825 1906 quodperpurgatum
845 1829 911 1894 est,
937 1815 1056 1881 dicitnr
1072 1817 1229 1902 Aryandi·
1284 1839 1343 1901 pra
1370 1817 1486 1896 docui,
1518 1817 1703 1902 Arysndem
1726 1817 1844 1881 codem
1866 1817 1965 1880 modo
1988 1819 2029 1880 si·

484 1939 559 1983 curn
581 1917 623 2000 ¹³).
668 1919 742 1981 Hoc
764 1931 872 1982 tamen
903 1919 1010 2002 ipsum
1041 1920 1227 2002 exemplum
1285 1938 1402 2002 gnssse
1423 1939 1554 1995 numos,
1587 1940 1652 2003 quc
1674 1920 1826 1996 Darium,
1855 1919 1918 1982 nisi
1938 1919 2027 2003 quod

482 2021 592 2104 potins
616 2019 746 2102 probat,
778 2018 867 2103 quod
891 2017 1056 2096 dixeram,
1086 2040 1230 2084 eommu-
1284 2019 1380 2114 hujus
1395 2033 1504 2082 essent
1519 2021 1628 2096 aurei,
1646 2020 1733 2081 illius
1750 2019 1915 2102 argo'ntsi*⁸
1935 2019 2030 2106 ὀριγν-

482 2139 563 2185 ueut
579 2119 680 2183 luisse
699 2135 766 2182 turn
781 2121 951 2206 Aegyptiis
967 2121 1143 2204 Persisque
1161 2141 1231 2184 mo·
1286 2141 1345 2200 pros
1363 2116 1468 2181 r'olro
1484 2142 1557 2182 raro
1580 2118 1675 2183 inesse
1694 2121 1871 2204 (νομισμα).
1901 2121 1945 2183 At
1964 2141 2029 2184 ‘nu-

384 2209 386 2213 '
484 2235 606 2286 netem.
637 2222 719 2282 Nam
742 2221 830 2304 qued
848 2222 1017 2307 Aryendes
1038 2235 1229 2302 tentassrat,
1285 2241 1412 2287 morum
1431 2241 1604 2284 aureorum
1623 2221 1731 2298 Darii,
1753 2240 1873 2306 nempe
1891 2222 2029 2286 Dorico·

485 2337 602 2388 contra
616 2321 710 2405 leges
726 2321 858 2391 iactum.
1284 2345 1376 2402 rum,
1403 2323 1504 2406 longe
1524 2321 1607 2386 alins
1628 2335 1679 2386 est
1699 2335 1810 2406 typus,
1834 2337 1874 2386 nt
1893 2323 1928 2384 in
1949 2325 2030 2386 Per·

486 2449 493 2456 ·
549 2425 1145 2502 Visumtameneruditisnonnuilis,
1166 2426 1232 2491 Ae·
1285 2425 1352 2488 sica
1387 2437 1516 2492 moneta
1551 2423 1712 2501 diximus,
1749 2445 1857 2510 neque
1876 2447 2027 2511 ‘unquam

483 2515 586 2611 'gypto
609 2527 705 2590 etiam
727 2527 786 2590 sab
807 2527 919 2591 Persia
941 2531 1107 2613 propriam
1133 2549 1232 2613 pecu·
1286 2525 1373 2608 Apin
1402 2525 1501 2587 bomo
1527 2525 1630 2589 Persa
1663 2541 1814 2590 monetas
1847 2526 2029 2600 intulisses,

439 2637 442 2652 '
484 2630 569 2691 niam
591 2627 702 2692 irrisae.
737 2630 822 2692 Sane
843 2628 929 2690 istud
953 2631 1132 2696 verisimile
1157 2651 1232 2693 cen·
1286 2626 1522 2711 Aegyptiorum
1542 2629 1773 2710 superstitione
1789 2626 1901 2691 Persis
1919 2649 2028 2692 erosa.

483 2745 538 2792 set
551 2729 749 2794 Pellarioius
762 2744 954 2813 propterea,
972 2731 1059 2814 quod
1076 2745 1110 2794 et
1124 2731 1232 2794 Phoe-
1285 2729 1379 2811 Ergo
1397 2728 1528 2803 seltem,
1546 2742 1701 2810 quantum
1719 2751 1760 2794 er
1776 2729 1939 2792 Herodoti
1956 2751 2029 2794 ver·

369 2820 376 2835 ⁸
481 2832 577 2896 mices
593 2845 627 2895 et
643 2831 812 2894 Philistaei
827 2830 942 2908 vicini,
964 2845 998 2896 et
1014 2831 1131 2894 iisdem
1146 2832 1230 2895 Per·
1284 2827 1335 2890 bis
1362 2829 1476 2913 colligi
1501 2843 1624 2912 potest,
1649 2829 1808 2916 Aryendis
1832 2831 1887 2895 hic
1909 2853 2027 2895 numos

485 2933 531 2996 sis
560 2932 699 3016 subjecti
723 2953 813 2995 susm
833 2931 979 2995 hebaero
998 2946 1163 2996 monetam
1187 2933 1228 3014 ο).
1284 2949 1360 2992 esse
1378 2931 1503 3016 nequit.

484 3036 609 3100 Verum
632 3054 674 3097 cr
695 3039 819 3111 numia,
847 3054 928 3118 quos
951 3031 1105 3110 edidere,
1134 3033 1229 3098 aliia
1284 3075 1289 3096 .
1348 3034 1482 3094 Mortuo
1511 3030 1700 3098 Alexandro
1729 3035 1774 3097 M.
1813 3053 1888 3098 cum
1917 3034 2030 3098 Ptole·

485 3135 655 3200 severiore
675 3135 751 3199 crisi
769 3155 866 3199 verae
886 3136 1104 3226 suao'patrise
1121 3135 1230 3197 subin·
1284 3155 1397 3196 maces
1422 3153 1560 3218 regnum
1583 3134 1725 3219 Aegypti
1748 3135 1811 3199 sibi
1834 3135 2030 3220 posteritati·

478 3236 527 3301 de
545 3249 620 3300 aunt
636 3237 796 3312 restituti,
817 3235 875 3301 alii
895 3236 1028 3299 dubium
1047 3237 1155 3301 adbuc
1177 3257 1230 3301 re·
1284 3256 1350 3320 que
1367 3233 1555 3312 adsereret,
1582 3249 1649 3297 tum
1672 3257 1751 3301 vero
1769 3237 1896 3319 copiosi
1916 3237 1949 3298 in
1966 3237 2030 3300 Ae·

483 3338 653 3422 linquunt,
683 3341 790 3403 sintne
819 3358 938 3402 revera
963 3352 1096 3401 moneta
1122 3338 1231 3421 Aegy·
1285 3350 1385 3420 gypto
1410 3337 1500 3399 nami
1521 3337 1615 3422 regio
1640 3337 1772 3398 nomine
1794 3334 1891 3398 feriri
1908 3337 2029 3419 coepti,

477 3442 568 3526 ptis,
594 3455 648 3504 sut
674 3440 789 3504 saltem
813 3441 883 3523 ejus
909 3452 1036 3502 certum
1059 3439 1229 3502 criterium
1284 3437 1345 3500 sed
1365 3437 1560 3502 deiecerunt
1577 3439 1659 3500 victa
1683 3435 1724 3499 ad
1741 3435 1872 3500 Actium
1892 3437 2029 3522 Cleops-

478 3561 551 3606 rson
565 3540 735 3624 praebent.
753 3543 805 3604 ita
818 3539 1111 3604 Winelselmannos
1122 3539 1232 3622 Aegy·
1284 3551 1352 3613 trs,
1375 3551 1412 3602 et
1429 3541 1581 3624 Aegypto
1600 3539 1634 3599 in
1651 3551 1845 3622 potestatem
1866 3539 2028 3602 Romano·

485 3643 588 3727 ptinm
606 3661 740 3704 numum
758 3639 839 3701 dixit
862 3637 914 3716 d),
943 3660 1041 3722 qnem
1061 3660 1134 3704 essa
1150 3640 1231 3703 Cro·
1286 3659 1359 3702 rum
1381 3637 1524 3704 redacta.
1572 3639 1658 3702 Exin
1681 3639 1845 3703 illustrem
1868 3643 2029 3726 Augusto·

476 3744 570 3807 tonis
583 3742 692 3805 serius
707 3739 1064 3825 judicsvitPellerinius
1080 3745 1121 3823 θ).
1138 3741 1230 3806 idem
1285 3762 1359 3804 rum
1381 3744 1665 3827 Augustarumqae
1692 3742 1812 3805 seriem
1833 3744 2030 3808 numismati·

483 3843 682 3908 Pelleriniss
706 3865 840 3907 numum
863 3857 1010 3908 remotae
1033 3844 1229 3930 antiquitatis
1279 3865 1357 3908 cam
1372 3846 1524 3928 Aegypto
1540 3844 1714 3920 debemus,
1731 3844 1822 3924 cujus
1837 3863 1898 3908 nos
1913 3844 2030 3908 merita

477 3945 588 4010 edidit
608 3944 656 4026 fl:
1286 3965 1346 4011 suo
1366 3947 1441 4010 loco
1458 3945 1587 4010 adfatim
1604 3945 1875 4030 praedicabimus.
1907 3949 1943 4008 ln
1969 3948 2028 4011 bsc
2165 3959 2171 3970 '

548 4049 619 4111 Bos
639 4049 797 4130 gibbosus
822 4050 951 4130 jacens,
981 4051 1076 4130 cujus
1098 4063 1229 4134 tergum
1285 4047 1485 4133 singularem
1511 4050 1650 4114 classem
1680 4051 1880 4120 constituant
1909 4049 2030 4113 nemis·

483 4152 686 4232 uperinrrntc
703 4161 824 4212 tectum
837 4165 903 4230 est,
918 4156 1007 4216 inter
1020 4155 1089 4232 ey'us
1103 4173 1229 4216 cornua
1274 4165 1368 4216 ousta
1393 4151 1468 4230 illa,
1497 4169 1580 4238 quae
1608 4151 1841 4235 imperantibus
1870 4153 2029 4236 Trojano,
2163 4179 2169 4188 ·

484 4251 586 4314 iones
604 4253 725 4314 discus.
747 4245 771 4310 ἲ
791 4251 899 4330 Eques
918 4257 950 4320 d.
968 4257 1116 4332 hostem,
1135 4256 1229 4332 cujus
1283 4249 1469 4332 Hadriano,
1494 4254 1678 4330 Antonino,
1706 4255 1845 4317 Aurelio
1870 4271 1944 4316 cons
1973 4253 2030 4316 bo·

482 4362 585 4432 ceput
596 4353 685 4435 pileo
703 4355 844 4435 tegitur,
862 4359 987 4421 circum
1004 4357 1124 4422 literae
1138 4377 1231 4440 pere·
1284 4375 1358 4418 rum
1384 4359 1490 4441 capite
1518 4373 1552 4422 et
1578 4355 1741 4440 inscriptis
1764 4355 1904 4442 Aegypti
1924 4353 2029 4419 nomia

470 4456 612 4534 'Elim
634 4454 704 4517 ΑΒ·
720 4455 761 4518 1¹·
1283 4479 1403 4544 magno
1426 4479 1564 4523 numero
1584 4459 1709 4543 signata
1728 4473 1811 4522 sont.

519 4673 552 4743 a)
570 4673 667 4736 ων.
682 4680 779 4742 cmc
877 4681 913 4752 s)
932 4681 966 4738 n.
977 4679 1028 4742 111.
1047 4679 1130 4740 ext.
1145 4685 1224 4753 §.ar
1240 4693 1268 4739 a
1282 4680 1392 4744 nvn.
1410 4651 1554 4741 rxx'rit.
1575 4686 1657 4759 tm.
1759 4685 1790 4758 ο)
1809 4683 1882 4743 nec.
1892 4681 1944 4742 111.
1962 4700 1990 4758 p.
2005 4697 2028 4740 r.

480 4761 519 4836 d)
536 4761 613 4824 tlisr.
632 4779 685 4826 art·
700 4787 730 4846 p·
743 4769 787 4834 68·
805 4767 875 4829 edit.
892 4769 1001 4830 Dreed.
1091 4775 1122 4847 e)
1141 4763 1347 4852 ltrelipmo.
1437 4771 1641 4878 obsiditious
1657 4785 1741 4850 pls·
