4338 5554
602 589 677 660 ne
710 525 1215 662 uso'tsrnortevs.
1258 535 1262 544 ¹
1614 611 1690 682 ιιι

136 765 211 828 dom
231 785 253 830 o
270 763 544 848 procuratoribus
558 761 630 823 suis
642 759 882 836 judicatorum,
939 759 1041 818 ctione
1060 760 1120 836 qui
1137 769 1349 838 propraetore
1371 773 1506 842 essent,.
1528 769 1695 830 communi

137 885 177 928 uo
193 867 225 930 ιι·
241 867 311 948 ipse
327 866 512 927 statuisset.
545 859 642 954 Quod
663 859 761 922 idem·
774 879 885 920 narra·
936 860 1172 938 proconsulum
1198 861 1329 922 nomiae
1358 865 1470 930 ventre
1498 866 1599 927 dixit.
1632 865 1695 944 *Sin

136 965 185 1028 vit
206 983 336 1052 quoquo
358 963 532 1028 Suetonius
557 967 597 1043 ⁸).
636 961 733 1027 Vnde
760 961 882 1023 iactum
939 958 1057 1034 istut„
1076 977 1159 1041 ergo
1187 959 1247 1020 sibi
1276 960 1465 1043 planissime
1494 966 1694 1032 contradixit

139 1067 310 1144 existimo,
339 1077 374 1130 ut
395 1084 461 1126 nou
484 1061 629 1128 contenti
650 1075 895 1144 procuratores·
939 1059 1021 1136 Diu,
1039 1061 1094 1144 qni
1110 1060 1220 1142 paulin
1239 1081 1336 1146 supra
1354 1067 1439 1126 mitti
1458 1083 1691 1150 procuretores

115 1184 198 1246 ὀο,
215 1167 303 1254 qpod
323 1179 434 1254 erant²
451 1164 634 1251 nobiliores
649 1183 879 1245 nonnunquam
938 1161 1054 1222 tem-iu
1073 1163 1220 1224 Caesaris
1244 1183 1339 1245 quesn
1363 1166 1477 1249 popili
1501 1169 1691 1252 provincias

135 1269 249 1334 titulos
286 1265 498 1332 adfectarent.
541 1266 701 1327 Nimirum
739 1265 897 1347 legimus·
938 1262 1029 1328 dixit.
1058 1261 1261 1327 Veriushoo
1280 1264 1353 1329 luco
1371 1268 1592 1334 Dionomine
1610 1292 1688 1355 pro·

135 1368 220 1454 eputi
236 1367 431 1432 Gruterum:
459 1364 791 1432 Pttocvtts'tottt.
809 1365 879 1427 ET.
939 1364 1107 1427 consulum
1138 1363 1300 1427 intellexit
1330 1367 1498 1450 praesides
1525 1371 1623 1436 Asiae
1657 1385 1691 1438 et

134 1471 352 1536 PRAESIDI.
386 1467 567 1534 ALPiVM.
601 1465 747 1530 COTTI.
776 1464 808 1544 t)
848 1477 882 1526 et
939 1464 1085 1542 Africae,
1104 1465 1159 1549 qui
1175 1466 1237 1528 soii
1256 1470 1389 1551 proprie
1409 1473 1623 1554 proconsules
1640 1472 1688 1536 di·

137 1571 216 1636 alibi
239 1569 325 1658 sputi
346 1569 507 1634 eundem:
535 1567 726 1632 Pnocvn.
749 1563 885 1631 AVGV·
942 1567 1093 1641 otisunt,
1119 1567 1193 1650 quie
1216 1571 1523 1648 consuietufunoti,
1551 1587 1587 1636 ut
1611 1574 1689 1639 alias
1731 1620 1736 1632 .
1783 1613 1794 1638 ι

136 1671 265 1738 STOR.
279 1665 883 1736 errnomttmorttovtttctet.
942 1666 1017 1730 satis
1038 1665 1183 1742 disi„et
1209 1687 1291 1749 quse
1319 1673 1478 1735 sententia
1503 1687 1688 1754 opportune

134 1773 313 1836 Retttet.
338 1773 410 1840 ΕΤ.
438 1769 659 1840 VINDELIC.
685 1767 758 1831 ΕΤ.
781 1766 885 1834 VAL·
942 1767 1153 1830 confirmatur
1170 1769 1305 1832 oraculo
1325 1769 1451 1835 Tiberii
1470 1789 1568 1856 supra
1585 1774 1687 1854 citati,
1769 1803 1773 1808 ’

135 1875 220 1940 Lis.
242 1873 420 1938 POENIN.
447 1877 488 1953 ο).
527 1869 615 1965 Quid
641 1867 783 1952 quoti-et
807 1867 884 1949 Epi·
941 1888 1007 1952 quo
1025 1870 1052 1930 is
1069 1869 1236 1954 professus
1255 1883 1323 1948 est,
1345 1893 1461 1938 nouse
1478 1879 1688 1958 procuratori

136 1989 243 2040 etetus
266 1973 352 2058 apud
374 1973 548 2036 Arrianuru
573 1971 606 2054 d)
634 1982 883 2056 procuratorem
939 1967 1037 2031 Asine
1054 1969 1104 2052 jus
1124 1971 1185 2032 uisi
1202 1971 1235 2032 iu
1255 1975 1386 2040 servitis
1409 1989 1443 2039 et
1463 1977 1618 2060 pecunias
1639 1975 1687 2043 Τι’·

134 2077 232 2161 Epiri
249 2089 348 2140 vocet
365 2073 500 2160 ἄρχοντα
518 2073 756 2155 Ερὶιοιιιιιιιι.’
939 2071 1084 2134 utiliores
1103 2072 1245 2136 dedisse.
1419 2059 1426 2074 ⁸

199 2178 358 2243 Ceterum
378 2175 412 2238 in
434 2171 636 2258 explicando.
659 2192 740 2238 sero
765 2189 884 2254 procn-
1003 2171 1055 2232 Διὶ
1083 2173 1316 2237 Musonium
1342 2173 1519 2241 Nasouenr
1535 2197 1688 2262 procurs-

134 2294 281 2346 retoruau
311 2289 395 2342 stetu
424 2276 524 2340 mults
550 2273 657 2339 adhue
688 2285 764 2336 sunt
785 2269 883 2334 ambi·
935 2264 1047 2335 'torem
1071 2287 1107 2336 ut
1128 2288 1297 2352 reverter,
1320 2288 1355 2339 nt
1376 2277 1507 2341 unicum
1529 2277 1616 2343 istud
1638 2294 1690 2346 est

137 2403 200 2467 gus
222 2394 257 2445 et
277 2379 413 2445 ineerta.
451 2377 697 2452 lucanenses,
725 2373 817 2459 quis,
846 2385 883 2436 ιιι
938 2371 1097 2437 hactenus
1128 2377 1315 2460 exemplum
1344 2379 1530 2443 memorati
1550 2382 1583 2442 in
1620 2402 1688 2447 sno·

133 2483 220 2562 otri,
251 2482 340 2548 veris
369 2479 432 2544 init
460 2499 576 2542 eorum
605 2489 767 2564 potestas,
797 2494 880 2560 quse
938 2488 1013 2538 ueta
1040 2479 1282 2559 procuratoris,
1310 2477 1355 2539 ita
1377 2479 1512 2558 mirum,
1540 2483 1687 2566 aBithy·

132 2583 207 2650 sere
227 2606 246 2647 s
267 2581 424 2668 principis
440 2594 522 2643 nutu
538 2578 720 2664 pendebat,
751 2577 880 2661 etquis
937 2575 987 2638 nis
1015 2595 1114 2640 numo
1142 2578 1334 2660 Vespasiani
1366 2581 1503 2644 inscribi
1532 2601 1687 2666 procura·

131 2689 327 2771 plerumque
357 2682 537 2766 scriptores
566 2681 672 2742 minus
693 2679 881 2743 clarescat
935 2689 1076 2754 sorem„
1098 2680 1227 2763 quando
1264 2680 1299 2741 hi
1332 2679 1410 2746 inde
1443 2682 1485 2743 sb
1516 2681 1686 2768 Augusto,

133 2787 251 2862 locuti,
276 2803 343 2868 quo
362 2781 502 2859 iactum,
531 2793 567 2843 ut
586 2781 809 2844 recentiorum
831 2781 880 2863 jn·
936 2791 969 2842 et
998 2779 1059 2842 sub
1090 2781 1162 2863 ipso
1189 2782 1287 2846 etiaut
1310 2781 1510 2867 Vespasiano
1534 2785 1683 2852 omnibus

131 2885 214 2950 dicis
243 2904 310 2947 nou
337 2903 413 2947 raro
443 2905 463 2946 a
491 2901 573 2948 vero
608 2881 709 2966 longe
747 2881 877 2946 aberre-
934 2881 1006 2944 siiis'
1028 2883 1134 2945 nuruis
1156 2881 1338 2946 iuscrib'ere
1361 2885 1576 2965 proconsulis
1606 2907 1684 2952 suos

129 2999 215 3051 rent.
255 2983 409 3070 Exempli
437 3003 552 3049 ceusu
588 2981 669 3046 dixit
689 2983 755 3046 Dio
781 2982 876 3057 ioco,
935 2993 1011 3046 sunt
1032 2982 1133 3050 soliti.
1165 2983 1217 3044 An
1238 2983 1266 3046 is
1289 2983 1323 3045 iu
1345 2983 1454 3047 loourn
1476 2987 1684 3068 proconsulis

130 3107 231 3174 quens
259 3063 366 3150 statius
397 3083 562 3168 principio
590 3083 704 3158 sitast,
737 3105 878 3168 procou·
934 3083 1004 3148 siro
1026 3083 1166 3158 mortui,
1199 3083 1269 3148 sire
1297 3086 1422 3149 eruesti
1450 3085 1583 3150 interim
1613 3109 1683 3154 suo·

130 3191 218 3254 suies
240 3188 273 3250 iu
294 3187 335 3250 iis
356 3186 464 3263 iocis,
482 3185 599 3272 quibus
616 3200 788 3269 praesunt,
809 3207 876 3250 nun
934 3183 1052 3259 ocssit,
1085 3183 1306 3263 cujussimsse
1329 3185 1516 3272 exemplum
1538 3210 1580 3253 ex
1601 3192 1682 3255 sctis
1721 3203 1727 3218 ·

128 3304 378 3379 procuratores,
402 3287 522 3351 tributa
544 3285 772 3371 exigere-eii
793 3306 877 3372 quse
936 3285 968 3348 S.
988 3285 1174 3367 Perpetuee
1203 3307 1301 3369 saprs
1330 3286 1507 3354 dedimus?
1539 3292 1591 3352 Aa
1617 3291 1682 3375 jam

129 3393 226 3460 verbs
246 3405 338 3456 notat
353 3389 547 3454 ltebrieiass
578 3390 798 3452 Proconsules
816 3391 879 3452 troo
935 3383 996 3446 sub
1012 3385 1215 3470 Vespasiano
1240 3387 1364 3473 aliquid
1387 3391 1421 3451 in
1440 3390 1611 3474 Bithyniae
1628 3413 1681 3457 re·

126 3499 198 3562 locu
211 3496 506 3578 uouotproefiotos
518 3493 779 3572 provinciarum,
794 3509 879 3571 quos
935 3487 1056 3571 ςίιιιίιιο
1080 3487 1307 3556 immutatum?
1337 3489 1430 3586 Quae
1454 3491 1589 3579 quidem
1613 3513 1681 3561 our·

125 3597 282 3664 nonsibi
305 3595 486 3678 Augustus
509 3595 672 3675 regendos
697 3602 880 3670 sumserat,
934 3587 1214 3676 uiuignorenus.

126 3703 183 3766 sed
195 3695 318 3783 popolo
333 3695 630 3775 reliquerutrillor
647 3695 744 3758 erim-
753 3713 877 3768 omnen

159 4825 463 4896 eluet-utens.
538 4830 816 4908 b)pap.i93.6.'t.
870 4818 1127 4907 'crpsgotoo
1202 4829 1439 4980 mni-⁶⁹⁴²

1360 4938 1412 4980 tu
