4444 5558
493 537 565 604 tt·
946 519 1100 596 NVMI
1135 513 1573 592 AL'EXANDRINI.

554 690 578 754 1.
604 689 690 752 Anci
712 690 876 753 auctiores
898 703 973 751 sunt
990 687 1068 752 inde
1091 689 1166 752 at..
1189 685 1231 752 K.
1290 683 1465 748 xnndrinos
1485 682 1659 748 Commodi
1688 704 1803 750 numos
1831 683 1865 744 in
1898 703 2039 747 examen

491 811 593 874 usque
614 792 655 854 1..
672 788 749 856 ΛΓ.
773 812 846 854 cum
869 790 1018 853 omnibus
1034 787 1151 851 mediis
1168 806 1233 852 non
1290 787 1418 851 vocarit
1438 787 1478 868 ⁸).
1510 779 1725 870 Argumentis·
1740 786 1827 850 veris
1845 785 2038 870 solidisque,

492 911 692 975 magnopere
723 894 824 967 raris,
861 910 1001 975 quornm
1026 910 1139 953 omnes
1162 900 1236 950 sunt
1293 887 1409 972 quibus
1437 885 1590 952 adversas
1623 899 1734 970 partes
1763 888 1962 972 prostravit,
1991 906 2049 950 ue·

492 995 527 1054 in
541 1013 655 1057 museo
671 995 852 1068 Caesareo,
872 989 1012 1074 demptis
1027 991 1067 1054 1..
1084 984 1161 1054 ΛΓ.
1180 987 1237 1074 qui
1291 987 1424 1072 longior
1445 989 1529 1065 sim,
1560 987 1854 1052 commemorandis
1875 987 2037 1053 abstineo.

491 1093 668 1170 rarissimi,
698 1107 732 1156 et
755 1110 892 1176 qnorum
918 1091 987 1155 bini
1007 1101 1129 1154 tuntum
1155 1089 1236 1152 mibi
1294 1089 1391 1152 Suum
1417 1088 1571 1152 continuo
1595 1089 1790 1154 sententiam
1807 1088 1958 1174 expedit,
1981 1107 2038 1153 cu·

493 1194 637 1276 cogniti,
657 1196 743 1258 alter
768 1212 810 1256 ex
830 1199 945 1255 museo
964 1191 1121 1274 Arigcni,
1153 1191 1240 1255 alter
1292 1189 1343 1274 jos
1368 1209 1492 1252 summu
1516 1201 1585 1256 est:
1615 1190 1825 1255 consumitis
1845 1190 2038 1276 Aegyptios,

495 1317 536 1358 ex
553 1314 666 1358 museo
680 1292 1101 1375 GraticrindiceBellcyo.
1124 1292 1235 1354 Alium
1293 1310 1367 1355 cum
1387 1291 1566 1374 imperator
1588 1290 1703 1374 aliquis
1726 1291 1830 1356 filiurn
1853 1292 1887 1355 in
1905 1291 2039 1376 imperii

493 1396 749 1460 Pellcriniannm
776 1395 895 1458 eodem
924 1393 1023 1458 modo
1044 1393 1235 1477 inscriptum
1293 1404 1327 1455 et
1347 1391 1509 1476 Augustei
1533 1392 1674 1455 nominis
1697 1393 1958 1458 communionem
1979 1413 2039 1460 vo-

493 1511 630 1562 testatnr
651 1498 772 1581 Zodga.
824 1497 905 1559 Cum
935 1515 977 1560 er
1003 1494 1166 1558 historicis
1199 1495 1237 1557 li·
1293 1492 1400 1568 cavit,
1449 1507 1579 1556 mortuo
1616 1491 1753 1559 subinde
1784 1508 1881 1580 ¹patre
1917 1515 2041 1580 nequa·

493 1598 592 1684 quido
615 1610 762 1676 constet,
785 1596 958 1662 Commodi
978 1596 1154 1680 imperinm
1180 1616 1237 1660 ne·
1293 1613 1388 1678 quam
1418 1613 1535 1658 novum
1564 1595 1599 1656 in
1628 1595 1697 1658 lilio
1726 1615 1885 1662 annorum
1914 1599 2038 1660 seriem

493 1720 652 1785 quaquam
685 1700 719 1760 in
757 1721 876 1763 annum
911 1699 967 1776 K,
1013 1695 1134 1760 nedum
1171 1692 1238 1758 ΛΓ
1294 1695 1474 1772 inchoare,
1505 1694 1564 1757 sed
1585 1709 1721 1778 coeptos
1741 1696 1775 1760 iu
1805 1710 1898 1778 patre
1925 1717 2039 1774 annos,

492 1815 704 1884 porrectum,
735 1801 827 1884 cnjus
857 1814 1056 1886 postremam
1083 1797 1158 1862 trib.
1180 1817 1240 1881 po·
1295 1809 1447 1879 tanquam
1474 1815 1573 1857 unum
1599 1809 1687 1860 esset
1715 1777 1909 1879 imperinm,
1938 1795 2041 1864 conti

493 1915 644 1966 testatem
681 1913 747 1964 tam
785 1902 899 1979 numi,
942 1921 1038 1986 qnam
1076 1918 1239 1964 marmora
1295 1915 1409 1961 neure.
1451 1895 1531 1977 Ejus
1552 1897 1697 1978 primum
1715 1899 1902 1982 exemplum
1928 1898 2040 1964 datum

491 2015 676 2066 memorant
699 2003 843 2088 xvttt„
882 2002 1002 2064 mirum
1030 2002 1104 2084 jure
1133 1999 1238 2065 risum
1293 1997 1397 2061 fuisso
1419 1997 1676 2075 incommodo,
1704 1999 1946 2085 repetitumque
1965 2001 2040 2064 sub·

493 2105 700 2189 antiquariis,
721 2103 754 2164 in
776 2102 855 2190 solis
871 2103 1013 2185 Aegypti
1028 2101 1133 2164 numia
1144 2100 1239 2164 coma
1294 2099 1373 2162 inde
1407 2099 1440 2160 in
1475 2099 1661 2175 Caracalla,
1701 2098 1873 2180 Gallieno,
1908 2103 2039 2178 Carino,

492 2205 582 2268 m‘odi
610 2205 785 2288 imperinm
819 2203 853 2264 in
880 2201 967 2265 huno
997 2222 1155 2265 annornm
1181 2224 1239 2265 un·
1294 2199 1503 2264 Numeriano.
1548 2201 1663 2285 Neque
1692 2220 1820 2266 morem
1847 2203 1936 2269 lrunc
1962 2204 2040 2268 Ale·

492 2326 621 2370 merum
659 2304 799 2371 dilatari.
849 2303 1041 2389 Prodigium
1079 2304 1166 2368 istud
1202 2315 1240 2366 nt
1295 2301 1449 2366 xnndriae
1468 2300 1548 2364 solis
1567 2302 1755 2364 monetariis
1774 2303 1944 2385 placitum,
1963 2324 2039 2368 uem

491 2408 790 2489 interpretarentur
832 2403 973 2482 eruditi,
1011 2418 1241 2490 procurarent·
1295 2415 1331 2468 et
1354 2402 1527 2466 Thoonem
1561 2401 1819 2471 Alexandrinum
1847 2405 1881 2468 in
1914 2425 2041 2472 canona

492 2507 572 2593 que,
592 2525 707 2569 omnes
722 2505 914 2591 disciplinae
930 2527 1006 2570 suae
1020 2520 1107 2572 artes
1120 2509 1240 2570 incon·
1295 2505 1514 2568 astronomioo
1531 2501 1660 2566 Aurelii
1681 2517 1715 2568 et
1737 2505 1910 2572 Commodi
1938 2509 2041 2593 impe·
2068 2575 2072 2584 ,

493 2608 601 2672 silium
620 2605 812 2673 adhibuere.
855 2609 982 2671 Horum
1002 2620 1084 2672 unus
1104 2609 1239 2672 'I'oiunr-
1294 2604 1380 2668 rium
1409 2603 1578 2686 junxisse,
1608 2626 1683 2669 eum
1711 2607 1841 2693 utrique
1878 2607 2041 2676 tribueret

493 2711 552 2772 dus
577 2709 703 2787 sanxit,
727 2710 785 2772 ⁴his
814 2709 905 2774 annis
930 2731 998 2774 non
1023 2709 1160 2774 indicari
1185 2729 1240 2772 an·
1295 2727 1396 2772 anuos
1423 2707 1557 2772 xxlttt.
1593 2703 1709 2786 Meam
1736 2731 1786 2770 aar
1825 2703 1955 2794 Kopods
1989 2713 2040 2786 λβ,

492 2832 553 2876 nos
583 2809 715 2895 imperii
746 2810 942 2886 Commodi,
980 2813 1040 2872 sed
1065 2811 1150 2875 ritae
1176 2808 1240 2873 sibi
1295 2821 1363 2870 tum
1395 2821 1428 2870 et
1464 2808 1497 2868 S.
1524 2807 1752 2886 Clementem,
1788 2809 1876 2874 hunc
1910 2830 2040 2896 qnoque

493 2912 719 2977 succedentes.
772 2910 933 2974 Hardnini
968 2911 1130 2974 sententia
1167 2911 1239 2988 fuit,
1295 2908 1573 2992 Alexandrinum,
1595 2909 1784 2992 scripsisses
1807 2911 2041 2986 Arvernorum

492 3017 699 3079 constitutam
726 3014 760 3075 in
783 3015 933 3096 Aegypto
962 3021 1071 3074 seram
1088 3011 1240 3078 Aurelio·
1295 3005 1459 3095 Κομμοδος
1476 3007 1530 3088 ἐτη
1552 3015 1601 3085 λβ.
1644 3011 1736 3074 Haec
1753 3012 1909 3096 Belleyus
1932 3023 1967 3076 et
1988 3011 2041 3074 bis

491 3139 586 3194 rum,
608 3115 700 3199 cujus
720 3115 847 3178 initium
875 3114 1055 3178 duceretur
1075 3113 1116 3178 ub
1141 3133 1238 3192 anno,
1295 3113 1405 3199 plura.
1446 3113 1491 3174 Et
1520 3133 1597 3177 sane
1628 3111 1832 3178 continuatos
1862 3113 1923 3178 sub
1945 3112 2040 3177 Com·

492 3240 557 3305 quo
575 3221 621 3284 Μ.
638 3216 793 3282 Aurelius
814 3216 989 3300 imperinm
1015 3216 1134 3298 adivit,
1162 3238 1240 3284 con·
1295 3213 1395 3278 modo
1417 3214 1518 3299 putris
1538 3213 1667 3279 Aurelii
1687 3232 1789 3278 annos
1810 3213 1903 3279 nollo
1931 3227 2043 3300 potest

493 3325 647 3386 sinuatam
664 3333 778 3406 postea
796 3320 830 3381 iu
846 3319 915 3382 lilio
928 3318 1127 3396 Commodo,
1147 3320 1239 3402 cnjus
1295 3330 1392 3400 pacto
1417 3317 1450 3378 in
1471 3313 1605 3378 dubium
1629 3315 1760 3392 vocari,
1791 3328 1825 3380 et
1842 3315 1871 3382 si
1890 3317 1961 3400 quis
1984 3314 2041 3378 dn·

492 3423 576 3487 ndeo
609 3441 705 3486 aerae
735 3442 837 3486 annus
866 3421 896 3482 A
923 3432 1011 3483 esset
1037 3419 1163 3504 primus
1185 3417 1240 3482 M.
1297 3415 1402 3481 bitere
1432 3416 1545 3493 volet,
1581 3417 1609 3480 is
1640 3415 1837 3500 diagramma
1867 3417 2043 3484 chronolo-

494 3523 643 3598 Aurelii,
675 3535 709 3584 et
730 3542 831 3584 annus
851 3520 884 3583 K
910 3521 1034 3603 primus
1057 3517 1240 3584 Commodi.
1298 3519 1429 3601 picum,
1457 3515 1544 3600 quod
1569 3515 1654 3580 infra
1675 3517 1859 3602 subjiciam,
1883 3520 2042 3596 consulat,

493 3627 580 3688 Baro
601 3621 774 3684 Bimnrdus
796 3618 837 3682 ad
859 3639 976 3684 norem
1007 3619 1104 3683 etiam
1131 3639 1241 3684 aeram
1298 3635 1364 3704 quo
1400 3615 1542 3701 patebit,
1572 3637 1674 3684 annos
1704 3619 1739 3681 in
1771 3618 1823 3684 bis
1853 3621 1962 3686 cumis
1994 3623 2043 3688 sic

495 3725 637 3790 animum
666 3719 823 3804 applicuit
848 3719 977 3784 ductam
1007 3719 1047 3784 ab
1077 3740 1117 3784 co
1144 3740 1240 3800 anno,
1298 3739 1374 3785 esse
1404 3719 1569 3803 digestos,
1604 3732 1641 3782 ut
1668 3731 1793 3784 tantum
1819 3720 1853 3784 in
1882 3722 1944 3788 bac
1971 3741 2044 3788 sett-

496 3846 562 3911 qno
580 3825 721 3906 primum
739 3819 829 3885 orbis
852 3821 935 3885 duos
958 3819 1055 3885 simul
1074 3824 1241 3907 Angustos
1296 3822 1400 3887 tentia
1429 3842 1505 3888 cum
1535 3820 1740 3906 temporibus
1770 3835 1804 3886 et
1833 3821 1927 3888 factis
1949 3824 2044 3890 Com·

497 3926 602 4004 vidit,
630 3923 801 3988 Aurelium
827 3935 861 3986 et
879 3922 1016 3991 Verum.
1059 3925 1241 3992 Praetereo
1297 3923 1388 3989 modi
1401 3924 1526 4010 possint
1543 3924 1735 3991 convenire.
1775 3922 1868 3990 Idem
1883 3924 1981 3992 etism
1997 3925 2045 3988 di·

497 4029 673 4094 sententias
689 4026 785 4102 alias,
809 4043 892 4110 quae
912 4045 1026 4109 perum
1042 4047 1061 4090 s
1076 4027 1241 4111 prioribus
1297 4026 1441 4092 cendum
1475 4027 1517 4092 de
1549 4026 1640 4091 annis
1669 4024 1880 4106 Caracallus,
1918 4041 1952 4094 st
1978 4049 2044 4094 nou

496 4131 692 4214 discrepant.
1278 4149 1402 4214 ·seque
1420 4145 1556 4192 necesse
1580 4126 1621 4191 sd
1638 4124 1776 4192 candem
1797 4129 1910 4212 legem
1931 4149 2046 4196 recur-

560 4233 652 4297 ilaec
685 4230 831 4296 virorum
857 4229 1090 4314 praestantium
1122 4231 1242 4316 judicia
1297 4252 1377 4298 rere
1393 4230 1434 4293 ud
1448 4229 1658 4314 explicandos
1673 4249 1774 4294 mnes
1791 4229 1951 4308 Gallieni,
1974 4247 2042 4297 tum

497 4335 653 4413 erudite,
683 4346 720 4401 ut
752 4352 909 4416 semper,
939 4331 1141 4418 impugnavit
1165 4337 1243 4402 Bel·
1298 4331 1488 4398 Numericni
1509 4343 1544 4394 et
1560 4331 1689 4410 Carini,
1716 4343 1753 4394 ut
1775 4331 1811 4395 in
1832 4331 1970 4418 singulis
1990 4355 2045 4419 pa-

387 4521 391 4532 ·
495 4437 589 4518 leyus
628 4434 661 4498 in
696 4434 865 4518 praeclara
906 4455 963 4500 sun
1001 4435 1241 4518 dissertatione,
1297 4436 1390 4504 tebit.

496 4559 557 4628 qna
584 4550 723 4622 propter
745 4535 828 4600 hanc
853 4533 991 4601 eundem
1013 4555 1141 4604 musam
1164 4540 1243 4606 Ale·
1362 4539 1404 4604 11.
1431 4535 1570 4600 Praeter
1592 4531 1786 4619 gradiores
1808 4536 1870 4600 bos
1888 4556 2044 4604 numeros

534 4745 566 4815 s)
586 4743 617 4802 Β.
636 4741 669 4802 l..
697 4741 733 4802 T.
747 4741 826 4800 xxi.
847 4739 933 4799 Metu.
959 4763 992 4820 p.
1001 4747 1063 4810 465.
