4444 5558
488 571 539 642 ,0
938 551 1104 628 -ttvttt
1137 549 1571 643 auuxnttutttuc

533 725 587 790 Aa
600 725 696 790 illam
703 744 763 808 per
775 725 940 786 Oceanum
941 701 1089 807 fluvium
1094 721 1231 802 serebat
1287 732 1409 783 tantum
1425 719 1491 780 Nili
1506 719 1607 780 fuisso
1631 715 1811 798 aymholum
1828 713 1923 782 dixit.
1945 715 2031 799 quia,

807 825 938 911 fleatur
958 825 1133 886 undarum.
1289 839 1362 884 com
1400 820 1451 882 ool
1484 820 1572 882 hunc
1608 817 1717 894 aubit,
1745 818 1884 901 amplior
1905 819 1943 880 tit
1964 816 2033 878 Nili

492 940 526 990 et
547 925 689 1010 apertiua
706 926 760 1007 ¹)a
802 939 805 946 ·
1289 921 1455 984 inundatio
1469 919 1522 1000 ¹),
1542 917 1661 982 deiude
1684 917 1770 1005 qood
1789 919 1947 982 credibile
1966 917 2036 980 sott-

534 1023 616 1086 Oorr
636 1047 685 1099 τις
705 1021 736 1087 da
756 1044 897 1109 noaaytloa
916 1024 1022 1114 drop,
1044 1019 1126 1102 ,σαφ’
1147 1019 1234 1086 Ωιι·
1288 1035 1322 1086 te
1346 1036 1415 1098 eat,
1445 1020 1598 1106 Sphingis
1622 1018 1797 1103 imaginem
1827 1021 1930 1083 multo
1958 1039 2035 1082 erac

943 1203 945 1210 y
1048 1146 1138 1190 aloto.
1292 1121 1509 1208 antiquiorem
1545 1118 1679 1184 Zudiaoi
1711 1121 1745 1182 in
1780 1122 1849 1188 tttt.
1886 1119 2037 1184 animalia

536 1223 649 1308 Neque
668 1219 932 1312 quisflorioram
953 1227 1087 1303 oberat,
1105 1235 1238 1309 praeter
1293 1223 1525 1307 descriptione.
1569 1222 1654 1283 Sane
1681 1219 1859 1306 Sphingem
1887 1223 2039 1286 remotiu-

966 1327 1143 1390 Oceanum.
1294 1325 1394 1390 aimue
1413 1343 1485 1388 eaao
1508 1323 1620 1386 aetatis
1640 1322 1827 1400 intentum,
1847 1345 1913 1386 uon
1935 1323 2038 1386 modo

496 1425 647 1514 Denique
677 1427 846 1493 Oceanum
875 1445 942 1490 nou
970 1426 1110 1490 absimili
1139 1425 1242 1490 modo
1294 1426 1475 1492 cerdaaima
1511 1423 1632 1508 ducent
1659 1423 1849 1502 Herodoti,
1884 1425 2040 1490 aliorum·

498 1533 620 1616 piotum
638 1528 738 1594 offert
756 1527 890 1613 innignia
905 1547 1023 1592 numua
1040 1528 1140 1611 Tyri,
1162 1527 1241 1590 acri·
1297 1548 1362 1616 que
1392 1527 1540 1603 oracula,
1570 1523 1632 1588 aed
1653 1536 1687 1588 et
1705 1522 1838 1589 residua
1861 1523 2042 1616 Aegyptio·

497 1647 555 1716 pto
572 1632 660 1713 juxta
672 1631 718 1694 ibi
733 1625 1239 1716 quoquanttehttoc.,queu
1296 1653 1370 1696 rum
1392 1641 1599 1692 monumenta
1619 1625 1683 1691 late
1705 1637 1880 1712 porrectae
1899 1641 2040 1696 totuata·

497 1733 585 1818 vide,
1213 1749 1217 1762 ¹
1297 1735 1357 1808 tia,
1380 1733 1471 1798 velut
1496 1729 1651 1809 obelisci,
1681 1731 1826 1817 alioque,
1847 1729 2040 1813 insculptam

1298 1831 1731 1920 Sphingempraeferonlia.
1774 1831 1862 1926 Quid
1884 1833 1971 1917 quod
1999 1855 2040 1894 ex

770 1969 976 2034 SPEINL
1204 1991 1207 1998 .
1298 1948 1408 1998 mente
1445 1933 1649 1996 eruditorum
1683 1934 1860 1997 astronomi
1888 1931 2043 2016 Aegyptii

1299 2033 1494 2117 (Aegyption
1515 2035 1587 2118 ajo,
1614 2035 1763 2100 diversos
1787 2033 1826 2098 ab
1847 2033 2042 2098 Alexandri·

566 2141 671 2208 Vetoa
687 2136 830 2222 Aegypti
849 2134 1001 2212 ahortut,
1023 2147 1057 2199 et
1079 2133 1242 2220 religione
1299 2137 1349 2201 nia
1367 2135 1516 2218 Graecia)
1538 2156 1740 2221 nequaquam
1762 2135 1813 2198 nai
1837 2148 1913 2198 aunt
1934 2133 2043 2198 audia-

503 2252 723 2305 consecratur.
758 2238 804 2306 Vt
821 2235 1001 2320 aenigmata
1016 2233 1155 2300 dictatae
1170 2258 1245 2322 per·
1301 2258 1343 2305 eo
1369 2237 1403 2298 in
1430 2237 1501 2302 tttt
1532 2239 1622 2320 tigna
1650 2237 1774 2311 diaiao,
1803 2234 1863 2300 aed
1890 2235 1922 2298 iu
1952 2237 2044 2318 cigna

503 2333 655 2417 hibetur,
676 2337 723 2402 aio
742 2357 869 2400 merum
885 2337 954 2420 ipra
972 2337 1129 2422 aenigma.
1162 2341 1244 2402 Nam
1301 2339 1433 2408 xxvss.
1455 2338 1511 2404 vel
1530 2337 1700 2416 xxvttt„
1727 2351 1762 2402 et
1783 2349 1833 2401 eat
1854 2336 2044 2412 veriaimile,

506 2441 594 2525 quod
615 2439 794 2524 compotita
814 2452 902 2502 earet
922 2458 964 2501 ex
985 2441 1090 2522 capite
1111 2440 1247 2525 virginio
1302 2441 1448 2524 priorem
1465 2439 1556 2501 illam
1573 2439 1766 2504 diviniorem
1783 2451 1949 2522 repertam
1969 2439 2047 2502 luia·

506 2544 636 2628 reliquo
654 2540 846 2624 corporeiu
863 2539 994 2604 leonem
1011 2541 1170 2618 abeunte,
1193 2542 1248 2605 lta·
1305 2563 1341 2607 ae
1364 2563 1381 2605 a
1404 2539 1598 2618 Chaldaeis,
1636 2554 1670 2605 et
1696 2543 1737 2606 ad
1763 2540 1910 2606 Graecoa
1945 2553 2048 2604 traua·

506 2645 573 2708 hita
600 2658 651 2710 eat
673 2641 854 2724 symbolum
880 2641 1004 2726 ingenii
1027 2662 1101 2705 oum
1122 2643 1249 2706 fortitu·
1305 2641 1415 2710 latam.
1458 2641 1544 2709 Vide
1568 2641 1649 2706 haec
1676 2641 1835 2728 disputata
1862 2643 1942 2707 ael.
1962 2641 2048 2705 Bail·

437 2797 440 2806 .
509 2745 585 2809 dine
604 2739 827 2826 coujunctib).
869 2743 913 2806 At
931 2755 1015 2808 teate
1026 2743 1203 2807 Plutarcho
1219 2743 1251 2827 ο)
1306 2744 1339 2828 ly
1356 2748 1397 2827 t).
1441 2743 1596 2808 Ceterum
1619 2765 1717 2830 quem
1738 2767 1870 2811 aeneam
1892 2744 2048 2810 recondat

508 2859 582 2910 anto
597 2845 719 2927 templa
737 2842 1164 2928 collocabanturSphingea,
1186 2865 1252 2929 quo
1308 2845 1524 2931 compotitum
1548 2845 1635 2909 istud
1661 2847 1801 2926 animal,
1836 2847 1918 2910 nihil
1947 2867 2049 2910 mora·

511 2949 726 3022 innueretur,
754 2965 866 3008 reram
888 2966 1049 3010 aacrarum
1073 2945 1252 3010 doctrinam
1309 2969 1393 3012 mur.
1437 2947 1527 3011 latud
1543 2961 1690 3026 certum,
1712 2941 1822 3012 natum
1843 2969 1916 3014 eoae
1937 2949 1971 3010 in
1988 2949 2048 3011 Ae·

512 3063 662 3114 constare
693 3047 851 3133 perplexa
873 3061 907 3112 ct
928 3047 988 3112 auh
1008 3047 1187 3113 involucris
1209 3049 1255 3113 la·
1311 3061 1431 3135 gypto,
1452 3070 1490 3114 ac
1510 3061 1687 3134 propteroa
1703 3050 1737 3112 iu
1758 3050 1820 3115 hac
1841 3069 1972 3134 quoque
1994 3071 2049 3112 nu·

510 3165 601 3218 teoto
639 3151 807 3235 rapientia.
857 3150 969 3214 Noatri
1008 3148 1081 3215 aeri
1118 3149 1254 3214 eruditio
1311 3172 1439 3215 morum
1476 3153 1580 3215 olaaae
1613 3149 1807 3236 irequepter
1849 3169 2052 3233 comparere,

511 3267 637 3318 contum
654 3254 777 3329 riaam,
799 3251 912 3335 juncto
931 3251 1036 3316 leonia
1052 3252 1254 3340 virginiaque
1312 3251 1372 3318 aad
1392 3252 1498 3346 iprma
1519 3254 1552 3315 iu
1573 3253 1738 3314 nonnullio
1753 3251 1929 3316 immutata·
1972 3253 2054 3314 Nam

512 3371 590 3438 typo
619 3355 659 3417 ab
682 3355 852 3437 Aegyptiis
878 3353 1024 3416 adluaom
1054 3354 1093 3416 ad
1115 3356 1256 3438 aingula·
1311 3367 1407 3421 vetuo
1422 3354 1478 3416 illa
1497 3367 1531 3418 et
1546 3350 1686 3417 necdum
1709 3367 1862 3438 corrupta
1879 3353 2056 3437 Acgyptio-

513 3477 550 3518 ιο
578 3454 772 3518 henelicium
799 3453 990 3515 exundantia
1017 3455 1084 3514 Nili
1113 3475 1156 3518 eu
1184 3457 1256 3539 ipso
1312 3475 1386 3518 ruat
1414 3454 1540 3535 Sphinx
1575 3455 1635 3519 alia
1672 3455 1778 3518 adhuc
1816 3441 1940 3531 caudit,
1976 3476 2056 3541 quaa

513 3570 689 3638 tempore,
719 3573 784 3638 quo
811 3553 860 3614 acl
887 3553 920 3614 in
947 3554 1045 3616 leone
1072 3567 1105 3616 et
1128 3553 1256 3638 uirgine
1314 3555 1399 3619 haud
1422 3553 1520 3616 dohio
1542 3554 1700 3619 addidere
1720 3549 1858 3634 Graedi,
1881 3569 1917 3619 ut
1937 3553 2057 3620 docent

517 3655 696 3729 adhaeret,
731 3671 825 3735 quam
856 3653 1047 3716 tentantium
1077 3674 1156 3736 prae
1184 3658 1257 3722 aliia
1315 3654 1430 3722 obviae
1452 3656 1607 3719 Chiorum
1636 3656 1833 3736 drachmae,
1865 3671 1900 3722 at
1931 3655 2059 3720 denarii

516 3755 694 3838 impensior
729 3751 844 3816 dilexit
870 3751 988 3817 Comea
1015 3755 1132 3838 Cayloa
1157 3757 1212 3840 d),
1240 3781 1258 3822 a
1315 3757 1472 3843 Augusti,
1494 3755 1642 3821 derivato
1663 3757 1800 3824 auhinde
1822 3758 1855 3820 iu
1872 3759 2055 3842 Aegyptum

515 3857 696 3932 machoro,
712 3866 763 3917 ·ut
788 3851 942 3932 ridetur,
970 3853 1114 3918 haoamm
1131 3859 1170 3940 e).
1215 3863 1260 3929 Vt
1317 3859 1488 3943 exemplo,
1518 3859 1581 3940 jum
1610 3871 1677 3920 tum
1716 3881 1734 3922 a
1768 3859 1883 3923 ritibus
1911 3863 2058 3924 etteruia

503 3981 582 4024 -oon
613 3957 764 4034 inficior,
797 3973 870 4021 erac
891 3957 1061 4041 ingeniose
1083 3973 1260 4043 repertam,
1315 3963 1423 4026 minua
1439 3960 1589 4024 alienum.
1618 3959 1811 4045 Aegyptiam
1832 3962 1929 4026 otiam
1943 3962 2061 4046 Sphin-

517 4063 564 4127 aic
586 4074 693 4124 tamon
712 4078 786 4122 erac
803 4078 914 4122 veram
936 4057 1100 4142 spondere
1120 4082 1187 4126 non
1207 4087 1262 4128 aa·
1306 4083 1393 4150 ‚gem
1418 4081 1533 4128 carere
1557 4061 1728 4140 mummia,
1768 4083 1851 4148 quae
1875 4065 1910 4126 iu
1932 4061 2061 4128 Graeoa'

517 4163 597 4238 aim,
621 4162 760 4246 primum
783 4159 871 4247 quod
892 4160 973 4226 haee
993 4161 1140 4228 doctriua
1156 4165 1260 4245 nullo,
1315 4177 1469 4251 turgent,
1498 4167 1621 4250 primun
1640 4163 1837 4232 'ubteraatit
1864 4167 1908 4233 cl.
1937 4167 2060 4246 Zoiiga,

518 4264 606 4350 quod
628 4265 758 4338 norim,
790 4277 938 4326 veterum
966 4264 1153 4328 testimonio
1174 4287 1263 4332 oom-
1318 4269 1374 4352 qui
1399 4267 1439 4330 de
1463 4267 1552 4333 varia
1574 4267 1728 4352 Sphingia
1754 4266 1859 4331 forma
1885 4280 1920 4331 at
1940 4269 2063 4352 aignili·

519 4367 697 4452 probatur,
728 4385 802 4426 nam
832 4365 945 4428 Horra
973 4366 1097 4449 Apollo
1129 4367 1260 4434 leonem
1318 4369 1445 4436 catione
1475 4371 1574 4432 multa
1599 4368 1822 4452 euugaaairh).
1865 4369 1901 4432 lo
1924 4368 2062 4433 nonnul·

556 4594 587 4662 a)
605 4555 643 4648 ll.
662 4585 702 4652 Τ.
721 4609 750 4650 r.
765 4601 796 4650 t.
865 4591 900 4662 b)
917 4590 1009 4652 clem.
1022 4589 1104 4650 Alex.
1116 4603 1217 4650 strom.
1232 4593 1268 4654 V.
1284 4593 1424 4672 Syuaaiua
1440 4591 1590 4672 chcguo
1602 4615 1669 4672 pag.
1682 4609 1708 4658 7.
1726 4609 1754 4654 rt
1771 4543 1985 4673 dcl‘rovidip.
2001 4607 2062 4658 tot.

522 4681 552 4751 r)
573 4677 803 4738 elalamoth.
822 4699 852 4756 p.
867 4699 904 4740 tn.
920 4691 983 4746 ‚ii-l·
1056 4681 1391 4761 ‹tthntiqmtpaa
1465 4685 1862 4765 e)0bel.Pamplt.p.286·
1935 4685 2063 4759 l)L.1.

523 4789 547 4828 a·
566 4781 611 4830 tt.
686 4771 718 4846 g)
738 4769 812 4826 Hiat.
827 4768 864 4828 de
881 4765 1088 4831 l'At'tronootie
1103 4771 1244 4828 modoruo
1262 4773 1345 4832 Tum.
1361 4773 1415 4834 111.
1486 4773 1522 4848 h>
1541 4775 1630 4835 Numi
1648 4781 1720 4856 Aeg.
1740 4797 1771 4856 p·
1791 4789 1851 4840 tio·
1926 4819 1931 4826 -
