4372 5556
493 530 568 607 440
1071 505 1441 582 ZEVGITANA.

494 693 630 774 rlsytus,
647 708 711 774 qno
725 684 973 752 discernebatur
988 679 1029 746 sb
1044 682 1149 744 altero
1158 679 1238 762 Hip·
1294 675 1434 754 codem,
1456 696 1521 762 quo
1546 677 1798 762 Hipponenses,
1830 695 1914 740 sero
1939 676 2046 760 signs·

493 810 581 879 pone
601 792 793 868 Numidiae,
824 783 905 875 quis
920 785 1072 868 quonism
1103 781 1238 864 regibus
1293 781 1338 857 ti,
1359 781 1507 844 colonias
1529 801 1650 843 nornen
1670 778 1839 842 eddidere.
1884 781 2043 844 Ceterum

493 897 572 960 olim
590 894 743 977 penebat,
764 891 870 954 dictus
892 899 963 950 eret
978 887 1117 970 Regius.
1144 883 1238 945 Fuis-
1293 883 1375 946 hoec
1401 880 1556 948 advorsus
1584 883 1632 945 ct.
1657 881 1834 946 Blendium
1855 881 1963 948 edlats
1991 903 2041 944 sr-

492 1019 529 1061 se
555 1016 627 1059 eam
650 993 831 1066 coloniens,
861 990 985 1053 diserte
1009 987 1091 1050 dixit
1110 986 1236 1049 Plinius
1294 1000 1447 1069 guments
1464 985 1535 1066 ojus
1554 998 1662 1048 tstnen
1683 1006 1750 1049 non
1777 999 1851 1048 sunt
1874 985 2042 1062 monenti,

493 1099 601 1180 junior
616 1099 662 1175 ¹),
684 1093 742 1156 sed
762 1094 859 1156 etium
878 1090 986 1167 solus,
1007 1111 1081 1152 nam
1101 1088 1237 1169 scripto·
1293 1101 1329 1149 ut
1350 1089 1447 1168 plano
1468 1086 1637 1160 evincant,
1658 1088 1754 1149 unius
1771 1087 1872 1148 Plinii
1894 1087 2042 1150 testimo·

492 1219 548 1263 res
567 1196 707 1280 reliqui,
729 1209 765 1256 nt
787 1207 822 1257 ot
847 1193 953 1266 numi,
972 1191 1124 1254 coloniae
1146 1209 1238 1252 men·
1293 1188 1349 1250 nio
1378 1187 1547 1264 standum,
1578 1189 1765 1271 Hipponem
1794 1187 1960 1251 coloniam
1989 1187 2043 1252 ed·

494 1303 584 1362 tione
606 1298 779 1362 abstineut.
823 1297 961 1358 Erresse
991 1311 1073 1376 crgo
1094 1291 1236 1353 Plinium
1294 1289 1456 1367 serentis,
1484 1289 1548 1354 nisi
1570 1289 1657 1352 forto
1674 1289 1785 1372 Hippo
1810 1290 1871 1354 snb
1891 1291 2040 1368 Tiberio,

495 1400 656 1462 existimet
682 1397 858 1472 Blendius,
888 1415 954 1457 nott
980 1394 1078 1457 modo
1100 1407 1237 1478 propter
1291 1411 1360 1476 quo
1381 1391 1563 1476 imperante
1591 1392 1662 1474 ojus
1694 1391 1784 1453 numi
1808 1405 1884 1454 sunt
1911 1393 2039 1476 signati,

493 1505 697 1587 reliquorum
740 1513 909 1563 auctorum
949 1495 1140 1572 silentium,
1177 1497 1237 1559 sed
1294 1493 1397 1558 libers
1426 1494 1558 1579 quidem
1588 1493 1673 1572 fuit,
1709 1493 1813 1556 serius
1843 1507 1955 1558 sutem
1986 1495 2041 1560 de·

495 1607 599 1667 multo
619 1603 845 1687 mugis,quod
866 1621 903 1664 ea
920 1599 999 1661 urbs
1016 1598 1048 1660 in
1065 1599 1171 1660 numis
1192 1597 1237 1659 di·
1295 1595 1389 1658 ducta
1421 1596 1574 1674 colonie,
1609 1605 1653 1659 et'
1682 1613 1798 1662 vorum
1836 1595 1921 1660 stleo
1960 1600 2040 1662 dixit

493 1711 579 1772 citur
595 1707 775 1781 UBERA,
792 1704 879 1788 quod
898 1701 1106 1777 vocabulum,
1121 1700 1236 1784 inquit,
1294 1698 1429 1761 Pliniuss

493 1810 669 1894 opponitur
705 1806 864 1870 coloniae.
906 1807 950 1867 At
985 1805 1071 1868 enim
1107 1821 1238 1878 vereor,

485 1927 529 1974 ut
550 1925 686 1996 utraque
709 1927 803 1972 censa
832 1906 909 1968 sutis
942 1905 983 1966 sit
1013 1903 1129 1969 relide.
1172 1904 1239 1962 Itin-
1359 1900 1570 1963 Autonoms':

491 2020 568 2077 ‘nem
596 2012 726 2076 Siciliae
755 2008 856 2071 fuisso
884 2005 1118 2086 municipium,
1148 2003 1238 2064 nnmi

493 2117 616 2177 invicte
653 2113 791 2186 docent,
823 2121 931 2170 tomen
967 2105 1094 2167 Plinius
1127 2107 1239 2169 senior
1356 2101 1529 2164 UBERA.
1577 2103 1686 2186 σαρκὶ
1701 2106 1860 2171 muliebre
1877 2108 2037 2174 palatum,

490 2235 558 2278 non
586 2213 683 2276 modo
708 2210 860 2274 collatum
883 2207 968 2269 huno
989 2207 1150 2269 honorem
1174 2207 1239 2268 dis·
1294 2199 1319 2262 ἶ
1345 2203 1553 2272 HIPPONE,
1608 2208 1740 2270 Mulier
1772 2211 1914 2271 adversa
1945 2221 2041 2271 stam

494 2319 644 2390 simulat,
676 2312 734 2376 scd
757 2313 851 2392 plane
874 2309 998 2368 Ennatn
1024 2304 1111 2370 inter
1136 2307 1237 2371 urbes
1294 2311 1403 2387 cupite
1425 2309 1572 2370 tutulnte
1595 2310 1627 2373 d.
1647 2329 1777 2371 sursum
1799 2311 1910 2385 elatu,
1937 2329 1965 2373 r.
1988 2329 2040 2372 cc·

494 2417 626 2480 Sicilire
655 2411 878 2496 stipendiarias
904 2407 1009 2470 refert
1032 2405 1076 2490 b).
1119 2410 1236 2494 Neque
1293 2407 1431 2468 nuceum
1453 2427 1527 2469 curn
1549 2412 1660 2491 spicis.
1702 2409 1771 2470 ΔΕ.
1791 2407 1865 2472 iere
1884 2411 1926 2474 ll.

494 2524 590 2582 otium
612 2516 689 2579 sutis
717 2531 832 2577 causae
860 2509 1012 2593 reperio,
1041 2529 1100 2572 our
1123 2511 1235 2574 titulus
1356 2509 1440 2571 'I'res
1458 2510 1553 2592 hujus
1576 2510 1709 2594 generis
1729 2511 1886 2574 hactenus
1903 2511 2038 2592 cogniti,

494 2621 634 2682 Liberae
663 2615 855 2679 adversetur
883 2612 1042 2676 colonico.
1094 2611 1172 2674 Fuit
1199 2614 1234 2674 in
1283 2629 1374 2670 unus
1397 2612 1495 2672 estin
1514 2633 1629 2676 mnseo
1647 2613 1823 2688 Caesareo,
1847 2611 1933 2675 ulter
1952 2612 2038 2697 sputi

493 2711 652 2804 Hipponis
670 2716 786 2782 vicinia
805 2714 1014 2797 municipium
1029 2713 1233 2792 Thibursioe,
1293 2709 1492 2794 Seguinum,
1515 2713 1590 2796 (sel.
1612 2733 1701 2777 num.
1722 2734 1754 2796 p.
1773 2713 1840 2796 ιδ.)
1861 2713 1978 2778 tactim
2002 2715 2035 2776 in

492 2821 578 2906 apud
602 2841 696 2905 quam
719 2819 794 2880 hina
818 2831 950 2900 reperta
976 2829 1050 2878 sunt
1070 2837 1234 2882 marmore
1291 2811 1549 2876 Pentroctsiano
1571 2815 1674 2896 (Part.
1689 2815 1733 2880 ll.
1756 2815 1820 2881 tab.
1846 2820 1913 2901 so.)
1934 2831 1967 2880 st
1990 2831 2037 2900 ty·

491 2923 709 3008 inscriptu⁰):
1290 2935 1351 2998 pos
1398 2915 1557 2999 descripsi
1600 2935 1644 2977 ex
1687 2915 1884 2980 nitidissimo
1931 2919 2036 2981 musei

1286 3018 1462 3094 Ceeesrei,
1491 3029 1564 3079 nant
1582 3017 1751 3100 Seguinns
1779 3019 1813 3080 in
1835 3039 1896 3082 suo
1918 3041 2036 3104 perpe·

489 3129 614 3193 HESP.
646 3125 853 3192 ttt'NtctPt.
884 3122 1130 3188 solventem.
1160 3119 1236 3184 ΔΝ·
1289 3139 1358 3182 rem
1377 3139 1483 3181 rocem
1504 3117 1602 3194 vidit,
1624 3138 1767 3203 proque
1786 3121 1820 3182 in
1838 3136 1953 3185 nostro
1970 3143 2035 3184 ms·

491 3249 497 3258 ·
745 3226 984 3290 TONlletNl.
1288 3220 1425 3284 nilestue
1443 3233 1493 3284 est
1512 3221 1674 3284 cadurcus
1690 3242 1767 3285 cum
1788 3224 1897 3304 spicis.
1939 3227 2034 3288 Pem-

561 3333 726 3394 L1tttttttr
744 3327 1158 3394 tutttvttstcENstvtt.
1283 3323 1484 3387 .brocltiunns
1502 3323 1564 3384 etsi
1581 3321 1669 3385 idem
1686 3336 1759 3400 est,
1787 3337 1896 3388 tamen
1921 3327 1974 3389 rel
1991 3347 2035 3390 er

1291 3424 1449 3488 iconismo
1472 3425 1549 3487 setis
1572 3439 1724 3510 appetet,
1755 3445 1836 3488 aero
1860 3426 1961 3491 luisse
1980 3429 2036 3490 ud·
2148 3463 2149 3471 κ

491 3534 528 3598 Si
544 3533 752 3616 municipium
781 3529 844 3594 dici
866 3529 971 3612 potuit
992 3527 1155 3602 liberum,
1176 3545 1233 3588 ne·
1289 3545 1411 3590 rosum.
1456 3526 1577 3609 *Capite
1622 3529 1747 3591 enticao
1789 3529 1897 3593 rideri
1932 3533 2035 3615 possit

490 3635 579 3709 ecio,
618 3653 677 3696 cnr
706 3649 773 3692 non
808 3642 841 3692 et
871 3629 1008 3691 colonie.
1051 3627 1232 3690 Nonnullae
1288 3615 1456 3709 proposito
1492 3630 1573 3692 Iulis
1607 3629 1733 3692 'l'iberii
1771 3645 1886 3696 mater.
1939 3635 2033 3716 'Hypo

405 3749 408 3762 ·
443 3753 447 3760 “
490 3753 571 3816 vcro
597 3731 742 3796 colonien
765 3751 842 3814 pree
869 3730 939 3792 aliis
961 3730 1055 3812 plura
1078 3727 1231 3792 habuisse
1289 3728 1432 3812 posticae
1461 3729 1563 3794 oredo
1582 3731 1740 3795 exhiberi
1760 3733 1929 3800 Venerem
1950 3735 2033 3801 Vrs-

489 3833 677 3924 privilogie,
709 3852 846 3917 quorum
871 3829 990 3894 fiducie
1014 3831 1136 3895 liberas
1157 3851 1230 3894 sese
1287 3831 1372 3893 niens
1406 3853 1530 3896 summe
1563 3834 1729 3919 religione
1760 3835 1795 3894 in
1832 3833 1896 3897 hoc
1925 3849 2032 3900 trectu

489 3937 639 4032 profiteri
661 3947 826 4019 poterent,
858 3933 993 4017 ejusque
1011 3931 1099 3995 titnli
1121 3932 1232 3996 admo·
1285 3933 1416 4002 cultam.
1460 3935 1600 3999 Molesta
1622 3949 1673 4000 est
1694 3935 1831 4020 Segusini
1852 3935 2030 4022 explicatio

489 4043 565 4102 dum
587 4039 743 4101 incertam
763 4034 865 4098 luisse
886 4033 1156 4119 significationem
1174 4034 1231 4098 dc·
1286 4035 1320 4096 in
1334 4037 1438 4100 antire
1454 4038 1547 4101 deum
1560 4038 1733 4114 Liberam,
1755 4039 1789 4100 in
1805 4061 1920 4104 averes
1936 4041 2030 4106 slesnt

489 4143 634 4207 robinus
665 4141 697 4200 in
727 4149 863 4201 trootetn
892 4137 934 4201 de
971 4137 1105 4201 orbibus
1141 4153 1229 4202 unto-
1279 4139 1469 4224 ’Hipponem
1492 4139 1641 4205 videntis.

487 4246 592 4308 nornis
611 4241 783 4306 otliberis.
826 4239 986 4303 doctores
1009 4239 1083 4315 alii,
1104 4253 1172 4302 tunt
1195 4253 1230 4302 et
1360 4243 1504 4318 Mirum,
1535 4242 1721 4326 Hipponem
1750 4247 1783 4304 ln
1815 4245 1922 4308 nuntie
1955 4266 2028 4310 esse

488 4347 578 4409 numi
612 4347 797 4429 Hipponem
826 4343 995 4406 colonium
1032 4363 1099 4404 non
1137 4341 1230 4406 adse·
1283 4343 1418 4428 generis
1446 4343 1611 4420 seminini,
1643 4365 1716 4408 cum
1745 4359 1855 4410 tamen
1877 4362 2027 4414 sumeres

397 4541 400 4550 Ι
488 4463 580 4525 runt,
603 4447 662 4512 sod
680 4467 787 4532 neque
807 4458 935 4530 negant.
979 4443 1230 4510 Enimverono·
1284 4457 1416 4509 veteres
1464 4459 1499 4508 et
1536 4445 1622 4510 huuc
1660 4449 1858 4532 zeugitanae
1902 4453 2028 4538 Hippo·

488 4571 551 4638 que
579 4550 770 4636 Agrigenti,
807 4567 914 4634 neque
944 4551 1099 4614 Panormi
1127 4547 1227 4626 numi,
1284 4568 1379 4626 nem,
1401 4548 1469 4612 sire
1491 4547 1706 4633 Disrltyturn,
1741 4566 1809 4616 tunt
1833 4568 1867 4618 et
1886 4554 2026 4621 alterum

391 4809 394 4816 ,
521 4767 551 4818 ni
573 4762 604 4819 L.
623 4761 672 4816 IX.
692 4773 798 4835 opii·
873 4759 907 4830 b)
929 4761 959 4814 t.
979 4760 1029 4815 ill.
1049 4779 1078 4834 p.
1099 4763 1157 4824 t65.
1232 4763 1262 4828 r)
1283 4759 1372 4814 stass
1393 4759 1511 4836 Vopugr
1531 4762 1564 4816 T.
1583 4761 1605 4818 l.
1625 4785 1655 4840 p.
1673 4775 1736 4822 2¹20.
1756 4775 1824 4825 Ὧι.
