4444 5558
627 521 783 596 nvnn
816 487 1253 601 Annxanniunt.
1670 525 1714 607 6⁵

437 653 645 752 sauma,
1335 696 1355 732 ι

1038 797 1162 858 Eadem
1186 796 1334 858 adversa.
1373 789 1397 854 ἴ
1422 789 1539 860 ΔΗΜ.
1565 789 1718 857 ΕΞΟΊὊ.

232 887 448 956 clnelltl.
462 865 685 958 CGBACTH.
710 893 791 973 Ejus
806 907 915 980 caput.
972 891 1119 962 TllAT.
1140 893 1179 962 Β.
1200 895 1291 977 infra
1313 891 1547 964 OMONOIA.
1581 896 1721 959 Concor·

167 989 332 1061 11..1r.
365 993 492 1058 Sabina
511 997 571 1058 sub
592 995 719 1058 Cereris
741 998 848 1077 specie
868 1009 917 1058 sc-
973 997 1031 1060 dia
1053 979 1167 1060 sedec}
1192 999 1224 1062 d.
1244 1009 1414 1080 pulcram,
1449 1017 1474 1058 s.
1503 999 1722 1078 cornucopiae

168 1097 296 1160 deusd.
288 1097 438 1176 apicas,
456 1117 483 1157 s.
498 1097 640 1160 lustum
663 1095 734 1162 All.
753 1095 921 1178 (Stuaclt.)
975 1099 1068 1160 nixu.
1086 1099 1186 1180 (Mus.
1195 1099 1306 1180 Caes.)
1328 1099 1364 1158 ln
1379 1097 1461 1160 alic.
1482 1097 1615 1159 Mulier
1627 1113 1723 1159 ιιαιιι

235 1197 272 1258 in
299 1193 390 1258 aliia:
429 1195 537 1276 eaput
563 1195 717 1262 Salinae.
757 1194 782 1260 Σ
811 1200 919 1282 Caput
975 1201 1006 1262 d.
1016 1211 1178 1282 pateram,
1196 1223 1223 1264 s.
1236 1220 1356 1284 specus.
1378 1200 1447 1264 cn.
1458 1197 1499 1262 ll.
1520 1197 1619 1280 (ilua.
1628 1196 1721 1262 Caes.

172 1295 349 1360 Hadriani.
372 1295 441 1360 AR.
462 1307 497 1360 et
513 1295 584 1364 All.
602 1297 627 1363 l.
977 1297 1122 1384 Theup.)

93 1409 100 1420 '
1234 1429 1254 1470 a
1338 1383 1358 1426 *
1442 1409 1486 1469 ι’
1530 1453 1531 1456 ,

430 1507 452 1547 ⁶
534 1465 556 1504 ι
640 1511 658 1550 ¹·
1040 1461 1166 1565 Alina
1156 1522 1191 1564 m
1216 1501 1509 1586 muaecTheupcli
1535 1501 1652 1565 citatur
1675 1503 1724 1564 in·

233 1599 321 1662 Anni
343 1611 435 1662 ιιιιι
466 1599 508 1668 L.
526 1595 583 1668 ῙΓ.
606 1600 770 1684 (Stoech.)
801 1601 842 1665 L.
863 1598 928 1666 1e
978 1601 1138 1700 acriptnaa
1177 1601 1295 1670 AHM.
1323 1599 1375 1662 G*
1352 1599 1479 1670 .·ι.ΟΤΟ
1505 1599 1654 1667 ΤΠΑΤ.
1683 1599 1729 1670 Pl

172 1699 319 1784 (Stoech.
341 1701 489 1782 Thenp.)
527 1702 568 1766 L.
594 1705 643 1778 13⁴·
678 1702 842 1786 (Stoech.)
880 1702 923 1768 1..
980 1723 1062 1789 quae
1081 1703 1304 1788 epigraphe
1278 1725 1306 1767 ιι
1323 1725 1402 1770 vera
1420 1718 1487 1780 eet,
1504 1703 1587 1768 haee
1603 1703 1646 1767 ad
1661 1705 1726 1766 Ha

173 1799 237 1868 lz.
272 1799 436 1884 (Stoech.)
472 1801 511 1862 1..
541 1801 617 1868 KA.
654 1805 815 1889 (Thenp.)
858 1805 929 1866 An·
981 1804 1130 1868 cinianum
1154 1805 1350 1890 pertinebit,
1379 1827 1453 1870 nam
1472 1805 1588 1870 Aelina
1611 1805 1739 1869 coutul-

175 1921 253 1964 num
273 1919 355 1986 erge
372 1897 511 1986 primum
533 1901 671 1970 Sabinae
686 1909 851 1990 Augustae
868 1906 924 1969 lta·
981 1907 1036 1972 lll.
1055 1927 1121 1971 nen
1137 1909 1310 1992 processit.

51 2019 63 2034 ·
174 1999 290 2066 bamus
312 1997 368 2066 ΙΓ.
391 2015 431 2066 at·
447 2001 535 2068 fonte
563 2021 714 2092 emerget
741 2009 822 2072 aliua
847 2027 929 2073 cum·
1049 2035 1053 2042 ·
1346 2008 1364 2044 ⁸

174 2103 215 2167 L.
238 2099 314 2182 ut„
344 2105 405 2168 aed
432 2103 497 2168 hcc
524 2107 634 2171 nullut
655 2107 818 2186 anterior,
847 2129 924 2173 nam
1043 2107 1186 2174 Recitati
1204 2055 1360 2174 haitanan
1377 2055 1470 2172 Aelii
1483 2109 1573 2171 numi
1595 2120 1729 2192 praeter

175 2217 318 2269 exeunte
345 2204 412 2270 ictu
443 2205 562 2272 Sabina
591 2209 758 2294 Augustae
792 2209 923 2277 titulum
980 2211 1118 2275 aliorum
1138 2211 1437 2276 Alexandrinorum
1458 2230 1586 2274 morem
1609 2228 1728 2272 annum
1866 2257 1871 2270 .

175 2303 292 2390 adapta
325 2319 386 2374 eet.
430 2307 515 2372 Satin
551 2310 653 2395 igitur
689 2333 821 2387 caueae,
863 2333 924 2376 cuc
979 2313 1170 2396 inscriptum
1188 2335 1255 2378 non
1272 2314 1410 2391 hahent,
1428 2311 1461 2374 in
1477 2311 1596 2377 horum
1620 2323 1730 2374 tamen

175 2417 385 2492 praetentum
406 2408 439 2472 in
461 2410 535 2474 colo
555 2431 671 2476 museo
693 2415 859 2498 Thenpoli
884 2416 923 2477 L.
982 2413 1118 2478 clamem
1137 2437 1210 2480 eaae
1225 2413 1435 2492 tribuendos,
1463 2413 1587 2476 fabrica
1606 2411 1728 2475 invicte

176 2534 209 2584 ς.
232 2508 266 2570 in
287 2510 327 2571 L.
344 2513 394 2588 Is.
417 2514 518 2576 anaim
540 2515 726 2600 corrigere,
748 2529 837 2578 tanto
860 2537 925 2579 ma·
982 2518 1099 2600 arguit.
1131 2517 1336 2582 Omiaaonnm
1353 2535 1513 2579 annorum
1533 2533 1628 2578 cauca
1644 2511 1730 2576 veri·

176 2609 249 2694 jore
266 2609 353 2674 iatuel
371 2611 506 2692 liducia,
526 2615 613 2699 quod
629 2616 744 2680 aimilia
762 2617 924 2681 Stoechia·
982 2619 1097 2681 aimilia
1114 2633 1182 2696 eat,
1205 2619 1292 2704 quod
1309 2619 1344 2682 hi
1359 2619 1527 2682 mentione
1544 2614 1729 2681 consulatue
1780 2671 1783 2682 ,

177 2731 240 2775 nna
270 2731 344 2775 cnm
374 2715 415 2780 L.
438 2718 487 2792 Is.
524 2715 668 2780 eundem
698 2721 796 2782 etiam
826 2716 926 2781 hahet
982 2720 1059 2782 aatia
1078 2719 1272 2785 videbantur
1289 2718 1424 2782 deliniti.

178 2813 345 2882 Victoriae
403 2815 581 2900 gradientia
631 2831 768 2902 typum,
826 2839 929 2904 quem
1238 2867 1267 2908 4,
1343 2820 1363 2858 *
1447 2864 1468 2901 4

179 2914 435 3000 Theupclianna.
477 2917 609 2986 Viderit
630 2939 713 3002 engo
735 2923 778 2984 cl.
797 2922 926 3004 zoega,
1047 2922 1172 2985 Eadem
1195 2927 1353 2988 adverse..
1377 2917 1401 2979 ae
1428 2914 1616 2983 ΕΙΡΗΝΗ.
1636 2918 1674 2979 L.
1691 2913 1730 2979 Γ.

180 3037 220 3080 ιιι
239 3035 306 3080 nou
322 3017 356 3078 in
370 3037 487 3093 numo,
511 3037 611 3100 quem
630 3035 802 3101 praeterea
820 3023 926 3084 aulum
987 3021 1114 3084 Mulier
1137 3035 1232 3086 stans
1254 3023 1285 3084 d.
1301 3034 1454 3102 pateram
1476 3040 1571 3100 super
1595 3038 1675 3091 ara,
1704 3039 1731 3076 s.

181 3139 255 3183 cnm
284 3119 326 3184 1..
349 3143 380 3194 ς.
410 3138 451 3181 ex
482 3137 598 3182 museo
624 3121 669 3184 lli.
700 3121 802 3184 Dacia
836 3123 928 3197 citat,
986 3123 1175 3187 caduceum.
1197 3122 1269 3186 ΑΕ.
1285 3121 1310 3182 Ι.
1334 3119 1488 3202 (zoega.)

180 3219 359 3305 legendum
387 3239 518 3305 qnoque
541 3219 583 3283 ait
602 3221 643 3286 L.
662 3223 711 3298 15.
751 3222 819 3286 Sed
846 3223 930 3286 haec
1050 3221 1230 3306 Singularis
1248 3235 1298 3285 eat
1314 3221 1369 3283 hic
1387 3238 1523 3294 numus,
1552 3217 1732 3300 nunmcdo

183 3321 317 3406 copiosa
342 3321 590 3410 disputabuntur
610 3323 644 3386 in
661 3321 799 3390 Sabinae
821 3327 929 3389 numia
986 3321 1073 3440 qued
1091 3323 1206 3386 unicus
1227 3323 1385 3386 hactenua
1408 3332 1458 3382 eat
1481 3333 1669 3403 compertus
1693 3342 1734 3384 ex

182 3424 349 3489 Romania.
985 3425 1137 3489 univerae
1157 3425 1245 3487 Aelii
1265 3433 1395 3486 moneta
1417 3419 1656 3498 Alexandrina,
1679 3424 1734 3506 qui

985 3547 1104 3590 annum
1128 3525 1243 3602 addat,
1268 3525 1328 3590 aed
1350 3522 1466 3600 ctiam,
1491 3522 1578 3608 quud
1603 3509 1734 3599 duceni,

343 3663 536 3732 AEMVS
558 3665 768 3732 CAESAR
985 3627 1233 3691 Alexandrinca
1260 3625 1348 3690 Aelii
1384 3623 1489 3688 numia
1528 3645 1596 3688 non
1632 3645 1733 3686 annot

985 3729 1161 3806 Hadriani,
1190 3726 1250 3792 aed
1277 3727 1348 3812 ejus
1376 3727 1563 3792 Caesarie
1551 3726 1735 3810 inscripsit·

246 3828 293 3898 A.
321 3827 492 3896 AIAIOC.
515 3830 696 3897 KAICAP.
739 3833 844 3915 Caput
872 3855 933 3894 nu·
987 3850 1044 3908 ae,
1079 3851 1153 3894 cum
1185 3842 1294 3893 tamen
1322 3827 1399 3892 inde
1430 3854 1448 3894 ι
1479 3827 1643 3913 principie
1672 3829 1734 3889 Ae·

184 3935 273 3998 dum.
295 3929 454 3998 ΞΔΗΜ.
468 3929 563 4000 ΕΞΟ.
577 3929 782 3998 ΤΠΑΤΟΟ.
790 3935 933 3998 Mulier
989 3934 1118 4018 gyptiae
1158 3933 1254 4017 hujna
1289 3945 1440 3996 monetae
1476 3931 1582 3994 numia
1620 3931 1736 3993 Caesu-

185 4047 328 4099 stanss.
344 4040 562 4118 cornucoplue
579 4039 625 4100 ad
639 4057 735 4100 aram
752 4035 931 4122 sacrificat.
988 4057 1061 4098 rum
1084 4048 1118 4098 et
1139 4035 1376 4120 Augustarum,
1407 4035 1435 4096 ιί
1456 4033 1652 4096 Tiberianus
1681 4031 1736 4094 tle·

188 4137 258 4200 Ali.
281 4133 446 4218 (Stcsclt.)
988 4159 1075 4215 mac,
1099 4135 1328 4221 imperantium
1342 4137 1565 4220 Augustorum
1590 4133 1666 4197 anni
1690 4135 1737 4194 in·

252 4236 289 4299 Si
313 4237 376 4300 rite
400 4237 485 4301 lecta
510 4251 560 4301 eat
581 4258 714 4304 anemae
736 4240 933 4326 epignaphe,
990 4240 1090 4304 scribi
1109 4239 1174 4302 aint
1195 4238 1304 4315 soliti,
1337 4250 1371 4300 et
1398 4239 1455 4323 qui
1481 4257 1552 4300 moa
1579 4235 1735 4319 deinceps

188 4337 346 4401 maturina
360 4339 395 4400 in
409 4342 559 4424 Aegypto
576 4341 692 4408 Aelius
706 4340 851 4407 honores
868 4365 935 4407 mo·
991 4361 1121 4429 quoque
1152 4339 1254 4404 valuit
1281 4359 1386 4423 unqua
1410 4340 1450 4402 atl
1477 4338 1736 4413 Diocletianum,

187 4439 332 4504 nctanica
360 4440 516 4518 obtinuit,
549 4464 645 4527 qnam
670 4447 807 4510 Romae.
853 4447 935 4510 Nam
991 4466 1056 4529 quc
1084 4445 1267 4526 imperante
1295 4441 1416 4506 factum
1444 4441 1584 4518 iterum,
1615 4451 1650 4502 ut
1670 4439 1737 4501 col-

188 4543 260 4625 ejua
280 4561 353 4606 cnm
373 4545 691 4612 ccnaulatuLnnmi
706 4549 845 4614 Romani
867 4571 932 4614 non
990 4550 1065 4631 lege
1094 4546 1328 4622 Maximianus,
1366 4557 1401 4608 et
1431 4545 1588 4607 Caecum
1624 4539 1736 4606 adaciti

189 4657 326 4708 exstant.
991 4637 1092 4714 antica
1121 4670 1216 4728 anca,
1247 4669 1313 4715 nau
1341 4645 1560 4723 Diocletiani,
1589 4665 1738 4709 numera·

252 4765 345 4845 (ιιι.
360 4764 440 4848 ιι.)
