4338 5554
505 541 574 609 mu
1141 519 1411 636 CAPiTi

586 685 835 756 ΑΣΙΑΡΧΗΣ
871 711 913 754 ex
942 689 1091 756 vocabuli
1121 688 1254 752 notione
1313 687 1417 750 titudo
1449 685 1488 750 ad
1523 687 1691 752 faciendae
1712 687 1809 752 ludos
1837 689 1871 750 in
1899 689 2074 751 honorem

513 795 673 879 significat
691 815 784 867 eum,
806 796 1004 874 qniproeesr
1021 793 1148 866 Asine,
1166 811 1258 852 nem·
1312 790 1470 862 deorum,
1505 789 1560 873 qui
1581 790 1666 873 apud
1695 813 1730 854 ae
1761 791 1932 876 praecipui
1953 790 2071 862 fuere.

513 917 555 982 pe
580 895 630 973 ci,
653 915 736 979 quae
757 893 836 954 oiim
854 893 933 955 ditio
951 913 1066 978 regum
1082 894 1258 974 Pergame-
1313 912 1350 955 ac
1383 891 1558 975 praecipue
1588 892 1629 956 ad
1659 891 1872 975 concipienda
1896 905 1973 958 vota
2005 911 2073 975 pro

513 1019 649 1075 norum,
672 993 811 1059 subinde
827 996 981 1056 Romania
1002 995 1163 1076 subjecta,
1181 1013 1259 1072 prc-
1313 991 1417 1055 salute
1443 1006 1476 1054 ct
1499 994 1692 1057 aeternitate
1719 994 1977 1078 imperantium,
2011 994 2071 1078 qni

513 1101 698 1163 consularis
718 1097 808 1158 Asta
829 1095 893 1160 dici
916 1096 1094 1160 cousuevit.
1128 1091 1255 1154 Eodem
1314 1094 1446 1177 quidem
1476 1109 1658 1162 conventu·
1686 1115 1752 1158 non
1781 1115 1856 1158 raro
1887 1097 1923 1157 iu
1953 1097 2067 1158 numia

514 1197 665 1282 exemplo
683 1197 816 1260 aliarum
835 1217 964 1281 quoque
981 1197 1145 1278 nationum
1159 1194 1257 1256 habe·
1314 1209 1536 1268 memorantur
1561 1196 1723 1280 inscripto
1747 1194 1938 1258 KOINON.
1962 1191 2067 1258 ΑΣΙ-

514 1321 585 1362 mua
607 1320 648 1362 ex
671 1312 820 1363 veterum
842 1297 1058 1358 monumentis
1078 1293 1257 1378 praecides,
1316 1289 1414 1374 ΑΣ..
1436 1295 1478 1360 de
1495 1299 1560 1384 qu'o
1585 1311 1700 1381 agetur
1719 1297 1824 1380 capite
1850 1296 1892 1360 de
1911 1296 2012 1360 scatia
2030 1319 2065 1360 ac

514 1417 574 1463 ut:
608 1400 826 1482 Lyciarchaa,
859 1397 1126 1478 Bithyniarchas,
1163 1397 1258 1460 Gala·
1314 1397 1419 1474 ludia,
1456 1420 1595 1483 quorum
1625 1399 1708 1462 adeo
1738 1399 1880 1462 omnium
1910 1400 2064 1463 modera-

513 1500 883 1582 tarchac„Syriarcbae‚
901 1499 1256 1563 Phoeniciarchacctc.
1315 1513 1367 1563 tor
1387 1499 1449 1564 suit
1470 1500 1637 1564 Asiarcha.
1679 1499 1756 1564 Fuit
1780 1521 1861 1583 ergo
1883 1498 2064 1564 caiacum

513 1601 749 1678 Arabarchen,
780 1589 934 1662 Arabiae
959 1603 1168 1683 principem,
1200 1599 1259 1662 sed
1315 1623 1430 1664 munuc
1448 1622 1564 1667 rerum
1590 1601 1829 1678 sacerdotium,
1852 1601 1944 1684 quod
1963 1615 2000 1666 ct
2019 1601 2064 1666 di·

515 1721 697 1785 σατυρικως,
725 1700 881 1786 habemur
904 1700 988 1786 apud
1013 1704 1200 1766 quenalem
1216 1701 1258 1780 ¹).
1315 1705 1411 1768 certia
1435 1703 1544 1768 verbis
1569 1704 1760 1788 comprobat
1779 1703 1987 1768 Modeatinne
2015 1707 2061 1786 e),

515 1805 640 1869 Horum
664 1817 831 1867 rectorum
855 1803 942 1868 varia
969 1801 1031 1864 suit
1058 1804 1145 1866 uaria
1175 1814 1259 1866 ceta·
1314 1807 1417 1881 Εθνις
1437 1807 1594 1884 trecoren,
1616 1802 1676 1868 decr
1698 1803 1892 1888 Ἀσιαρχια,
1913 1801 2061 1884 Bosora<-

514 1921 546 1972 te
585 1907 740 1991 potentie.
798 1905 850 1968 De
885 1901 995 1985 Lyctia
1030 1905 1135 1968 refert
1171 1905 1259 1968 Stra·
1314 1927 1396 1992 χιι,
1428 1900 1710 1990 Καππαδικαρχια.
1758 1905 1878 1968 Gentis
1910 1909 2063 1970 sacerdo-

513 1996 555 2072 tio
579 2005 638 2090 b),
675 2007 715 2070 ab
751 2005 791 2068 iia
825 2005 859 2066 in
895 2005 1060 2069 civitatum
1094 2019 1259 2070 conventu
1315 2013 1423 2086 tium,
1452 2009 1546 2084 cujus
1567 2009 1655 2070 modi
1677 2019 1754 2070 sunt
1772 2007 1982 2082 Atintania,
2005 2009 2062 2070 Bi·

516 2093 660 2174 creatum
696 2108 931 2191 Lyciarcham,
961 2104 1080 2170 deinde
1112 2107 1258 2190 reliquos
1315 2109 1544 2192 thynnrcdia,
1581 2109 1882 2189 Cappadocumue.
1938 2109 1984 2168 Et
2015 2109 2059 2170 aie

516 2211 741 2295 magistratui,
771 2229 808 2273 ac
831 2223 897 2272 tum
921 2220 1026 2270 actum
1050 2208 1091 2270 dc
1114 2209 1201 2291 pacis
1224 2221 1259 2270 et
1315 2210 1412 2272 etiam
1434 2210 1516 2271 haec
1532 2196 1705 2272 Asiarchia'
1722 2207 1895 2292 aliquotiec
1912 2209 1946 2270 in
1968 2211 2060 2272 tibris

514 2313 686 2376 foederum
721 2312 866 2394 negotio.
919 2311 1068 2385 Verum,
1110 2324 1145 2372 ut
1184 2329 1259 2372 con·
1315 2310 1619 2394 jurisconsultorum
1640 2310 1886 2376 dicitnrAsice
1913 2315 2061 2375 arcado-

517 2415 607 2476 tinuo
638 2412 743 2488 addit,
773 2409 874 2474 valuit
903 2409 991 2472 istud
1012 2423 1154 2487 tantum,
1186 2431 1258 2474 cum
1317 2415 1422 2488 tium,
1443 2410 1552 2476 vulin
1577 2413 1667 2473 Asia
1688 2415 1912 2474 sacerdotium
1930 2417 2062 2496 proriu-

400 2585 405 2596 .
517 2514 617 2597 Lycia
645 2513 695 2575 eui
715 2509 821 2574 adbuc
850 2510 930 2590 iuria
962 2524 1071 2588 esset,
1102 2533 1173 2572 nam
1205 2533 1261 2574 cua
1317 2515 1409 2585 ciac,
1431 2523 1467 2574 nt
1483 2523 1619 2575 tentatur
1635 2510 1850 2596 Spauhcmina
1865 2509 1917 2594 d),
1938 2515 2011 2592 rel,
2030 2529 2062 2576 ut

518 2625 624 2680 aetate
644 2633 710 2675 non
733 2613 870 2698 ampliuu
890 2611 930 2674 iia
953 2612 1045 2674 licuit
1067 2633 1167 2694 agere
1186 2633 1262 2676 cou-
1318 2625 1368 2674 eat
1388 2611 1421 2672 in
1438 2612 1650 2695 unitione),
1672 2611 1700 2675 ὁι
1717 2617 1804 2696 legere
1825 2611 1997 2699 ἐπιρχιωι,
2014 2639 2062 2680 τι

517 2729 656 2794 rentur,
686 2714 748 2776 nini
772 2715 992 2776 Romanorum
1015 2715 1199 2796 permissu,
1228 2727 1261 2776 ct
1317 2710 1817 2800 τιςιιΑσιαρχαιιαιὸιλοιποι.
1841 2715 1969 2778 Eodem
1989 2719 2062 2782 loco

518 2817 623 2880 colum
651 2830 742 2890 tum,
778 2836 851 2879 cum
879 2815 966 2878 istud
992 2835 1010 2878 e
1041 2817 1260 2880 Romanorum
1318 2814 1362 2878 ait
1390 2813 1537 2876 eruditur
1568 2816 1621 2878 hic
1650 2817 1723 2891 vir,
1756 2817 1931 2882 Asiarchae
1961 2819 2063 2884 dictor

518 2940 555 2982 re
576 2931 673 2982 canet.
707 2919 749 2979 At
763 2918 850 2980 enim
868 2939 1031 3001 nunquam
1049 2919 1140 2982 licuit
1155 2921 1263 2984 Anium
1320 2917 1417 2980 etiarn
1446 2916 1547 2978 suinae
1571 2914 1744 3001 ἅρχιιρεις,
1774 2919 1957 3004 probatque
1980 2921 2062 2986 istud

519 3020 710 3084 chiacauaia
732 3039 767 3082 ae
786 3019 926 3102 politicis
946 3020 1104 3097 miscere,
1128 3045 1199 3085 nam
1220 3043 1263 3086 ax
1321 3038 1384 3102 ope
1406 3017 1579 3102 θρὶιῑοῐιθ,
1601 3039 1663 3102 qur
1682 3019 1852 3103 Smyrnaei
1868 3038 2009 3088 mortem
2026 3027 2059 3090 8.
2126 3063 2127 3085 t

520 3142 585 3208 quo
611 3123 687 3183 Asia
715 3121 795 3184 haec
826 3134 899 3204 pout
924 3121 1044 3185 rictum
1066 3122 1263 3187 Antiochum
1320 3119 1494 3206 Polycarpi
1518 3119 1602 3206 apud
1625 3141 1661 3184 ce
1685 3123 1772 3206 paeri
1788 3123 1958 3203 referunt,
1979 3127 2061 3190 etin

521 3227 565 3288 Μ.
587 3223 620 3285 in
640 3243 738 3285 unum
758 3243 876 3305 corpur
893 3225 1031 3301 coaluit,
1053 3227 1158 3307 paruit
1179 3226 1264 3308 regi·
1322 3221 1789 3308 qnaniiippnaquidamjam
1802 3224 2062 3313 dctaextnjtm
2126 3231 2127 3234 ’

521 3325 581 3391 bur
596 3323 826 3411 Pergamenis,
849 3324 966 3388 horum
985 3340 1082 3410 geute
1105 3327 1264 3390 exstincta
1321 3323 1477 3408 ἀρχιερευς
1493 3321 1620 3386 dicitur.
1655 3325 1721 3386 Sed
1738 3342 1964 3410 argumentum
1980 3332 2063 3396 iared

521 3429 683 3492 Romani&
1321 3444 1388 3486 uon
1423 3423 1503 3487 catio
1537 3436 1587 3486 eat
1616 3425 1781 3509 ralidnm3
1812 3443 1943 3513 poterat
1979 3437 2062 3498 enim
2126 3423 2127 3460 ³

1321 3527 1409 3592 idem
1434 3523 1630 3610 Philippeo,
1669 3528 1725 3612 qui
1753 3542 1820 3592 tum
1850 3554 1976 3600 annun
2005 3537 2063 3602 tau

608 3628 765 3693 Asiarchn
786 3647 880 3692 aecer
908 3641 1030 3691 tantum
1058 3627 1264 3714 magistratui
1323 3627 1498 3720 daiarche,
1519 3627 1637 3694 eodem
1655 3642 1895 3714 temporeccae
1913 3633 2065 3723 ἄρχιιςιις
2126 3697 2127 3700 ,

525 3735 604 3805 tuit,
635 3731 689 3815 qui
712 3743 862 3816 praeerat
893 3731 1016 3806 sacris.
1046 3749 1112 3792 non
1134 3729 1265 3817 quidem
1325 3734 1493 3814 Smyrnae.
1553 3731 1633 3792 Nem
1674 3731 1766 3796 licuit
1796 3735 1963 3802 Asiarchic
2001 3742 2062 3803 alin

526 3833 724 3920 cingulorum
743 3829 924 3902 civitatum,
953 3851 1026 3894 nam
1049 3831 1110 3894 hae
1134 3833 1267 3918 propria
1324 3847 1496 3919 praetcrea
1527 3851 1660 3912 munere
1690 3833 1804 3919 iungi,
1842 3851 1879 3900 nt
1909 3837 1994 3905 inira
2020 3841 2064 3904 di·

478 3939 480 3946 '
527 3938 672 4000 habuere
704 3954 794 3997 cacra
825 3945 859 3996 et
880 3930 1064 4010 miniatroa,
1096 3933 1155 3997 red
1185 3958 1267 4021 quac
1325 3952 1431 4004 cetur.
1475 3937 1560 3998 Sane
1583 3933 1758 4000 discrimen
1779 3938 1868 4006 inter
1892 3955 2063 4028 utrumque
2126 4003 2127 4028 ἶ

527 4039 700 4120 conutitutn
733 4033 828 4098 suere
859 4037 957 4099 totino
992 4036 1181 4120 provinciae
1211 4061 1268 4104 no-
1324 4041 1452 4106 titnlum
1477 4037 1658 4102 manifestat
1688 4039 1802 4125 citatur
1831 4063 1926 4126 capra
1952 4048 2062 4110 Ionum
2126 4067 2127 4106 t

527 4143 632 4219 mine,
655 4139 766 4222 etjam
785 4137 818 4199 in
841 4138 998 4220 hac,jam
1015 4139 1076 4202 alia
1094 4140 1176 4207 urbe
1194 4163 1270 4227 per·
1325 4164 1464 4218 numus,
1496 4141 1528 4202 in
1567 4160 1631 4225 quo
1653 4141 1778 4206 Fronto
1808 4144 1928 4227 dicitur
1953 4147 2064 4228 Ασιιιρ-
2126 4127 2127 4160 ³

528 4259 617 4323 acte,
639 4261 793 4330 quorsum
809 4241 963 4306 convenit
982 4243 1165 4325 promiscua
1187 4245 1268 4308 mul·
1325 4267 1385 4333 Xtt
1411 4267 1461 4306 aar
1484 4245 1661 4328 ἀςχιιριυς,
1693 4265 1812 4332 nempe
1837 4247 1990 4314 sacerdon
2012 4273 2065 4336 pu-

516 4547 2062 4578 mmm-..-

562 4657 838 4734 ι)8ιι.1.ι.ι30.
910 4655 947 4730 b)
966 4657 998 4715 t..
1011 4655 1089 4722 XIV.
1107 4677 1138 4737 p.
1156 4679 1194 4722 n.
1212 4671 1276 4736 pec.
1342 4669 1371 4736 e)
1391 4659 1885 4740 Le3.V1.§.tt.D.drrncmat.
1951 4663 1983 4736 d,
2007 4665 2063 4724 ia.

524 4771 553 4827 p.
570 4757 630 4812 nr.
705 4749 736 4820 ι)
755 4745 788 4804 ι.
806 4744 968 4809 xxxvrn.
