4372 5556
735 575 1095 652 eructatus.

472 1172 1235 1260 ·eYttENatct.

140 1511 184 1621 P
183 1569 299 1644 ruptae
349 1555 449 1622 urbes
500 1555 646 1644 quinqua
697 1555 889 1644 praecipuas
945 1575 1019 1621 mos
1041 1557 1182 1642 Cyrenes
1199 1558 1330 1622 nornine
1351 1571 1497 1638 notatos,
1522 1581 1581 1626 sen
1605 1561 1628 1623 ii
1650 1561 1692 1625 ad

141 1661 239 1724 etiam
268 1659 462 1741 Pentapolis
490 1655 597 1737 dicta,
639 1661 735 1746 regio
766 1659 794 1723 si
827 1679 890 1744 qua
945 1673 1046 1722 totam
1068 1657 1288 1744 provinciam,
1321 1680 1379 1721 san
1401 1661 1516 1725 urbem
1540 1663 1692 1746 Cyrenen
1808 1710 1814 1716 .

5 1775 14 1791 '
142 1761 204 1824 alia
229 1758 310 1824 felix
334 1781 352 1824 a
373 1757 541 1824 veteribus
564 1760 691 1840 habita,
715 1775 828 1847 atque,
854 1772 891 1823 ut
945 1761 1144 1846 pertineant.
1180 1760 1263 1823 Sunt
1283 1759 1308 1821 ii
1327 1761 1449 1845 insigni
1468 1763 1627 1842 artifieio,
1658 1775 1693 1829 et
1735 1771 1738 1782 ’

143 1861 234 1925 numi
262 1859 326 1945 ipsi
355 1859 600 1941 demonstrant,
640 1863 757 1946 opibus
792 1861 892 1926 abun·
945 1861 1109 1926 abundant
1137 1861 1171 1922 in
1201 1881 1298 1942 auro,
1334 1875 1491 1946 argento,
1532 1878 1566 1930 at
1596 1885 1692 1946 aera,

141 1965 232 2030 daus.
271 1964 394 2027 Bartae
422 1962 518 2046 hujus
544 1963 690 2049 regionis
720 1965 888 2030 historiam
943 1975 980 2026 ut
1006 1960 1090 2026 adeo
1120 1963 1173 2026 rel
1200 1963 1282 2027 baec
1310 1961 1381 2047 ipsa
1409 1965 1503 2027 nobis
1525 1980 1692 2050 superstes

141 2067 207 2128 late
236 2065 369 2148 scripsit
397 2063 554 2149 Belleyus
582 2069 624 2150 ⁸).
667 2067 719 2131 Eo
750 2066 887 2131 colonos
920 2052 1091 2148 ⁸Cyrenes
1119 2065 1286 2148 opulentia
1314 2065 1390 2128 satis
1417 2064 1612 2152 comprobet
1638 2087 1694 2132 ra·

139 2167 233 2230 duxit
266 2165 400 2248 jubente
437 2169 573 2232 eraculo
607 2169 727 2232 Battus
755 2169 887 2231 Therae
944 2165 1084 2229 ritatem'
1103 2165 1209 2249 adagii
1237 2167 1403 2230 veteribus
1425 2168 1612 2232 familiaris:
1644 2165 1692 2232 dre

138 2267 265 2332 insulae
298 2285 359 2331 rex
395 2266 494 2330 domo
526 2268 658 2348 bacon,
700 2269 749 2334 sic
782 2269 887 2333 dietus
945 2259 1106 2330 incubui
1128 2264 1229 2346 ἔρανος
1245 2287 1406 2348 resperas,
1426 2291 1464 2330 eo
1481 2273 1548 2350 lori
1563 2271 1691 2332 eoelum

137 2382 275 2454 propter
297 2368 429 2453 linguae
456 2389 550 2432 usum
575 2370 787 2456 impeditum,
822 2390 887 2455 quo
946 2367 1060 2444 letare,
1084 2387 1127 2429 ex
1151 2388 1215 2450 qno
1238 2390 1357 2452 nempe
1380 2369 1470 2431 hiatu
1487 2369 1629 2432 subsidia
1649 2369 1696 2432 ad»

138 2484 247 2535 tamen
268 2469 356 2533 malo
381 2469 535 2554 appulsus
555 2471 588 2533 in
606 2469 751 2535 Africam
769 2469 890 2535 libera·
946 2469 1044 2533 uitam
1065 2467 1191 2531 beatam
1220 2469 1326 2531 omnia
1354 2469 1603 2550 delaberentur‚
1637 2481 1692 2534 eu'·

139 2585 189 2635 tus
215 2571 287 2638 luit.
327 2567 377 2634 lbi
401 2585 559 2655 occupato
585 2587 696 2636 monte
723 2573 807 2656 Cyra
828 2578 887 2636 'un
942 2570 993 2653 jus
1029 2569 1137 2653 adagii
1170 2570 1318 2633 meminit
1350 2571 1540 2635 Herodotus
1565 2567 1617 2652 d)‚
1656 2584 1691 2634 et

136 2673 215 2737 bein
245 2673 286 2738 ab
315 2673 379 2738 buu
409 2677 563 2756 Cyrenen
593 2671 712 2737 dietam
743 2674 777 2735 in
809 2674 885 2738 loco
944 2671 1135 2756 explicatius
1153 2672 1341 2736 Eustatbius
1362 2675 1401 2755 e).
1436 2670 1613 2756 Egregiam
1631 2695 1690 2734 nu·

139 2769 278 2838 amueno
310 2787 344 2837 et
372 2775 518 2837 lontibus
539 2773 667 2859 irriguo
692 2773 884 2838 aedificavit.
943 2769 1245 2837 muruml'abrieam
1268 2794 1334 2838 nun
1359 2772 1544 2852 mirabitur,
1570 2775 1623 2838 cui
1647 2791 1689 2838 ex

138 2877 230 2938 llaec
247 2873 280 2934 in
297 2873 501 2938 Graecorum
519 2875 686 2938 annalibus
712 2896 788 2942 vera
812 2897 887 2960 per·
942 2876 1078 2940 Aeliano
1096 2888 1234 2951 constat,
1250 2875 1437 2962 Cyrenaeus
1453 2895 1589 2960 magnos
1605 2897 1690 2938 sum·

139 2977 303 3062 bibentur.
347 2973 416 3037 Sed
441 2973 550 3039 fabula
578 2975 692 3054 docet,
722 2977 886 3058 virginem
942 2989 1016 3062 ptus
1044 2977 1164 3040 fecisse
1194 2977 1228 3038 in
1257 2976 1406 3041 hominen
1434 3000 1578 3062 gemmas
1608 2977 1691 3042 seal-

138 3079 292 3160 Cyrenen
309 3077 436 3160 Hypsei
451 3076 662 3160 Lapitharum
678 3078 767 3160 rogis
785 3063 885 3139 liliam
943 3078 1050 3162 pendi
1060 3078 1185 3161 peritos
1206 3077 1243 3158 ί).
1280 3077 1372 3139 Auro
1391 3079 1571 3142 abundasse
1590 3080 1688 3160 Cyra-

138 3191 264 3262 raptam
291 3177 331 3240 ab
358 3176 512 3262 Apolline
540 3192 574 3242 et
602 3177 666 3242 bue
701 3169 886 3242 translatam
942 3199 1043 3242 naeos
1064 3179 1175 3242 docuit
1196 3179 1411 3261 Palaephatus
1433 3181 1482 3260 a),
1513 3193 1547 3241 et
1568 3178 1610 3240 de
1633 3199 1690 3240 eo·

138 3300 181 3344 ex
202 3280 297 3344 Pelio
320 3277 510 3343 Thessaliae
533 3294 667 3357 moute,
697 3302 713 3342 a
743 3302 805 3364 qua
833 3304 887 3342 ur·
942 3303 1016 3342 rum
1031 3281 1137 3368 nuptis
1153 3282 1260 3345 aureis
1276 3281 1411 3342 Pollnxt
1436 3279 1557 3361 (htx,
1575 3275 1687 3365 §hm

136 3382 171 3445 bi
193 3403 314 3445 nomen
336 3379 477 3460 lactum,
504 3395 602 3466 atque
626 3402 667 3444 ex
689 3383 752 3446 boc
775 3383 887 3465 eonju-
942 3381 978 3460 ἦν
991 3404 1112 3466 perros,
1132 3380 1173 3456 ὥς
1188 3383 1381 3462 Αςιςοτελης
1396 3391 1504 3461 φησιν,
1520 3377 1551 3441 ir
1566 3379 1686 3461 Κυρηιῃ

137 3485 192 3568 gio
223 3497 333 3547 uatum
364 3484 470 3555 fuisse,
496 3471 693 3550 Aristaeum.
738 3479 884 3566 Cyrenes
942 3505 991 3544 aas
1016 3505 1254 3565 reseas-errem,
1281 3507 1330 3544 aas
1356 3502 1471 3561 ςατηρ,
1498 3504 1549 3540 aar
1573 3477 1688 3561 ἧμας-α·

136 3586 226 3648 initia
255 3605 292 3649 ac
319 3600 434 3670 postea
464 3585 552 3648 sices
581 3586 645 3648 late
675 3586 885 3671 persequitur
941 3606 1045 3665 creor,
1067 3601 1170 3668 χρυσιι
1185 3604 1368 3670 euprepiam.
1397 3585 1441 3646 Et
1460 3593 1686 3650 eruteaetore

136 3687 325 3751 Herodotus
341 3686 391 3770 b)‚
418 3707 455 3751 ae
473 3686 669 3770 compendio
688 3675 883 3752 et'dilucide
941 3686 1132 3750 Aristotele
1158 3691 1195 3748 r'n
1223 3687 1349 3768 Cyrene
1374 3686 1619 3766 quadristuter‚
1652 3691 1686 3744 et

136 3790 275 3852 lustinus
296 3790 337 3870 ο).
938 3799 1045 3850 stater
1062 3799 1095 3850 et
1114 3790 1303 3851 semistuter
1321 3799 1454 3848 moneta
1473 3781 1585 3852 aureti-
1617 3781 1685 3846 Sed

199 3891 330 3958 Variam
354 3889 449 3974 hujus
472 3889 563 3952 urbis
586 3905 749 3954 monetam
774 3891 883 3953 distri·
938 3889 1027 3972 juvat
1043 3907 1233 3954 conversam
1250 3883 1602 3950 urbisllorentisaimaa
1617 3883 1684 3947 ior·

136 3993 264 4058 buimus
286 3993 321 4055 iu
342 4013 458 4055 numus
479 3993 505 4058 1.
523 3993 720 4074 Cyrenaicae
741 3993 880 4076 liberae,
938 4004 1047 4062 tunam
1073 4012 1114 4054 ex
1139 3990 1291 4075 Syneaio,
1318 3989 1374 4073 qui
1402 3989 1586 4070 Cyrenaeus
1611 3987 1682 4070 ipsu

137 4099 177 4162 11.
196 4095 392 4180 Cyrenaicae
410 4094 541 4179 regiae,
563 4096 619 4161 111.
638 4097 815 4160 Romanae.
936 4092 1008 4170 fuit,
1025 4092 1173 4172 discere,
1189 4094 1280 4175 cujus
1293 4092 1395 4158 verba
1411 4103 1485 4153 snut
1500 4089 1682 4173 interprete

243 4211 249 4224 '
934 4177 1071 4261 Pataris
1092 4193 1143 4280 ¹¹):
1158 4197 1296 4280 Cyrene
1317 4191 1447 4256 Graeca
1466 4181 1603 4269 civiter,
1625 4211 1682 4253 art·

937 4301 1064 4377 tiquam
1093 4309 1127 4360 et
1156 4296 1342 4360 venerabile
1370 4315 1503 4372 nomen,
1539 4291 1682 4378 irfirritis

937 4401 1016 4462 olim
1047 4402 1232 4479 sapientum
1265 4397 1467 4459 carminibus
1498 4395 1680 4470 celebrata,

200 4499 393 4566 Describam
421 4501 474 4565 bic
500 4502 592 4565 nullu
614 4501 801 4578 discrimine
822 4523 881 4566 ua·
937 4521 1024 4563 aare
1038 4521 1167 4584 pauper
1184 4512 1217 4562 et
1235 4497 1391 4573 humilis,
1410 4499 1624 4580 ingentiaque
1640 4515 1681 4560 ac

242 4332 397 4398 LNumi
420 4337 623 4418 Cyrenaicae
643 4335 776 4399 liberae.
801 4321 806 4332 ’

173 4730 630 4808 ayn.t.r.xxxv11.p.³⁶5.
702 4731 852 4804 synw.
928 4725 1181 4800 ananiae.
1255 4715 1518 4796 crurales.
1593 4715 1682 4789 cysa
1731 4781 1737 4792 ¹

137 4825 258 4902 Dionys.
276 4833 376 4890 v.213.
451 4819 806 4912 slV·H.L.,X1l.c·30.
881 4822 915 4896 g)
934 4816 1195 4882 deincred.c.32.
1266 4815 1304 4887 h)
1323 4813 1362 4871 de
1379 4831 1470 4889 regno
1484 4819 1553 4882 Μ.
