4372 5556
723 569 873 644 ΝΟΜ]
907 565 1171 642 aderent.
1649 585 1714 652 tot

174 733 339 819 tiaratos,
383 729 521 820 perinde
564 745 661 824 atquo
700 733 915 826 indubitatam
972 736 1092 800 uicerit
1125 753 1192 799 non
1231 715 1336 802 minui
1374 736 1576 820 eruditione,
1620 759 1716 824 qaam

173 833 421 915 mlhi'tidetcr,
454 857 570 902 namot
599 855 713 902 omne·
742 854 916 922 argenteo·
972 837 1170 903 humanitate
1214 840 1352 924 inalgnie
1397 842 1519 923 Zaiga.
1578 841 1718 906 Alexan·

173 936 376 1005 coloniarum
400 937 555 1003 Corinthi
582 958 625 1002 ex
655 955 737 1014 ana,
773 959 840 1005 non
869 939 917 1002 di·
973 937 1063 1004 driae
1087 961 1219 1004 numum
1241 938 1282 1004 ad
1304 961 1377 1006 eam
1397 940 1534 1005 formam
1557 944 1717 1027 composi·

173 1054 342 1103 terraram
369 1037 498 1102 arbium
520 1039 651 1106 officina
669 1039 850 1116 exstitimet
883 1053 917 1106 at
972 1052 1059 1121 tom,
1081 1043 1175 1126 cujac
1196 1063 1268 1106 esee
1289 1041 1376 1106 tolet
1394 1058 1524 1108 moneta
1542 1061 1715 1110 nomoram

172 1139 245 1224 quit
263 1141 431 1226 utriunque
451 1140 580 1207 concilii
599 1155 727 1218 auctor,
750 1143 821 1228 quie
839 1139 912 1206 linit
969 1139 1129 1228 Aegypti,
1144 1141 1259 1230 Jcttjoa
1292 1161 1382 1207 nunc
1412 1145 1596 1230 catalogum
1624 1145 1715 1208 exhi·

173 1238 291 1318 suerit,
312 1241 394 1304 nihil
414 1241 569 1306 hectenu
586 1241 626 1304 ah
645 1241 780 1304 eruditio
797 1244 913 1326 proha·
968 1243 1051 1321 heo,
1080 1266 1242 1330 nunqnam
1262 1245 1342 1306 milti
1357 1247 1392 1306 io
1409 1259 1554 1307 mentera
1571 1247 1717 1311 tertiaeet

170 1341 238 1408 hile
258 1341 399 1407 adlatum
421 1357 482 1409 eat.
511 1341 743 1425 Erudzoliga
763 1345 911 1429 conjicit,
969 1345 1141 1428 aliquando
1176 1360 1344 1431 repertum
1379 1345 1431 1410 iri.
1471 1347 1589 1430 Neque
1626 1347 1718 1424 enirn¹

170 1462 230 1506 coe
251 1461 346 1508 coece
369 1443 411 1508 ad
434 1443 667 1513 celebrandum
688 1457 836 1508 exactum
854 1448 914 1508 im·
969 1460 1024 1511 aot
1050 1445 1185 1524 Strabo,
1213 1459 1266 1510 aot
1288 1447 1433 1523 Plinius,
1466 1447 1521 1530 qui
1542 1463 1715 1509 nomorum
1812 1479 1816 1488 ·

170 1543 256 1626 perii
271 1543 451 1610 Hadrianoi
472 1544 668 1610 decennium
689 1547 730 1627 ι).
763 1548 837 1609 Non
862 1547 917 1610 ad·
973 1547 1115 1632 Aegypti
1157 1547 1338 1630 cathlogum
1380 1547 1528 1625 dedero,
1576 1548 1717 1610 Alexan·

170 1665 323 1710 vermer
359 1645 548 1730 praeclarae
583 1645 659 1710 hale
690 1647 916 1732 conjecturae,
949 1647 1076 1710 'driam
1094 1669 1167 1711 oum
1182 1647 1287 1711 adulto
1302 1645 1378 1710 huic
1393 1663 1474 1730 agro
1488 1647 1527 1708 -io
1544 1666 1715 1712 nemorum

170 1745 237 1809 nie't
249 1745 326 1810 hnic
341 1745 422 1810 item
437 1745 688 1812 adversarentur
704 1747 826 1812 laudati
840 1767 916 1812 con·
970 1769 1143 1812 nnmerum
1162 1750 1329 1826 retulere,
1352 1767 1460 1831 neque
1479 1747 1576 1811 etiam
1592 1749 1632 1812 ah
1649 1751 1714 1814 alio

92 1834 98 1843 ’
171 1849 263 1910 tinec
287 1847 419 1930 Traiani
443 1848 545 1911 numi.
576 1845 668 1910 latud
692 1849 819 1912 interea
842 1869 916 1913 cer·
970 1847 1058 1914 istud
1094 1851 1216 1914 factam
1252 1849 1415 1934 comperit
1452 1847 1714 1914 adcuratiaaimue

170 1959 255 2025 tum,
278 1947 614 2034 intignemaliquam,
637 1963 768 2034 atquae
785 1951 914 2016 univer·
964 1951 1150 2030 cellarino,
1189 1963 1416 2034 praeterquam
1453 1973 1471 2013 a
1504 1948 1713 2027 Ptolemaeo,

170 2069 237 2111 earo
257 2051 443 2134 Aegyptum
461 2063 695 2126 concerneret,
719 2049 820 2114 dnicae
840 2071 913 2114 caa-
968 2073 988 2115 a
1025 2067 1091 2137 quo
1130 2061 1330 2116 memoratur
1362 2047 1576 2130 Αλεξιινθρεων
1612 2072 1716 2136 χωρας

170 2171 236 2213 tam
254 2161 404 2214 monetae
423 2166 486 2214 tam
508 2150 570 2214 tihi
592 2149 743 2216 omnihtta
759 2151 912 2236 partibus
969 2173 1072 2236 νομος,
1094 2157 1240 2236 regionis
1256 2153 1567 2215 Alexandrinorum
1585 2171 1713 2214 nemus.

168 2251 283 2320 cimilia
299 2251 465 2315 Hadriano
484 2251 662 2316 dedicatae.
967 2253 1262 2329 leccatricem,
1293 2251 1382 2337 qnod
1408 2251 1489 2315 hacc
1516 2251 1595 2314 urhe
1622 2252 1714 2316 velut

229 2353 359 2415 Primae
377 2353 571 2422 Vaillantiue
587 2372 703 2418 numo·
724 2353 784 2440 hot
804 2352 913 2438 diget·
967 2355 1114 2418 omnium
1132 2353 1273 2438 Aegypti
1291 2372 1463 2417 nomorttm
1484 2366 1518 2416 et
1540 2366 1649 2436 capet,
1677 2367 1712 2416 ct

165 2451 208 2516 eit
223 2453 257 2516 in
274 2473 396 2536 opere,
418 2453 507 2538 qnod
523 2455 718 2539 Aegyptum
734 2461 912 2519 numisma·
970 2455 1170 2520 moderatrix
1200 2469 1255 2518 est
1292 2454 1411 2522 hahita.
1453 2455 1616 2518 ⁶Ceteram
1655 2455 1712 2518 hic

167 2557 270 2618 tloom
282 2553 911 2642 interipait„et*calciaaaehagidarom
968 2577 1105 2635 nomos,
1146 2555 1235 2642 quod
1269 2557 1401 2620 modom
1433 2553 1533 2618 habet
1561 2575 1635 2617 cum
1663 2569 1712 2618 tot

166 2655 322 2722 hittoriae
354 2657 484 2742 adjecit.
526 2657 611 2725 Eum
644 2655 827 2742 catalogum
856 2649 911 2720 aa·
967 2657 1039 2726 aliia
1066 2671 1216 2721 monetae
1244 2657 1339 2738 haina
1369 2655 1480 2720 claaala
1506 2655 1711 2720 Hadriaoeae

165 2771 285 2820 xerunt
313 2756 510 2842 drigenioa,
550 2779 698 2823 meream
728 2757 908 2843 Theopoli,
968 2777 1189 2836 communem,
1211 2757 1293 2822 nihil
1314 2758 1488 2826 ohtervato
1509 2757 1642 2842 dignam
1664 2757 1712 2819 of·

166 2856 381 2935 Pellerinlua,
396 2878 434 2922 ac
449 2859 625 2945 praecipue
637 2861 793 2945 Belleyaa
811 2877 912 2942 pecu·
966 2861 1043 2925 sert.

167 2956 240 3018 liarl
264 2954 491 3024 dimertatlone
515 2957 567 3042 ¹³),
595 2961 670 3024 anxi
694 2975 728 3024 et
749 2963 820 3044 ipre
845 2977 910 3044 ego
1033 2961 1111 3026 Ac.
1132 2962 1259 3023 unicus.

167 3045 309 3141 repertio
331 3061 438 3123 nomia
460 3061 582 3142 aliquot
600 3061 754 3125 hactenna
775 3061 911 3145 ignotia,

166 3160 271 3224 mullo
287 3179 368 3224 vero
386 3181 492 3245 nuper
511 3161 677 3226 liberanti!
695 3162 738 3228 01.
750 3163 861 3244 chga
877 3162 911 3222 ill
1100 3197 1205 3258 ANT
1213 3197 1242 3257 Α
1250 3197 1279 3256 E
1289 3195 1355 3260 ΟΡ
1366 3195 1396 3260 0
1406 3197 1434 3258 L
1444 3199 1458 3258 p
1468 3199 1495 3258 T
1506 3199 1534 3258 E
1545 3199 1579 3260 s·

166 3262 272 3324 numia
287 3261 353 3324 trie
369 3263 558 3347 Aegyptiia,
580 3275 616 3325 ut
629 3261 712 3325 adeo
728 3277 800 3345 port
818 3281 912 3346 prae·

166 3365 235 3426 oioe
260 3361 322 3426 hoe
346 3378 481 3427 conatae
501 3365 590 3428 aliud
611 3383 746 3427 neaerae
769 3383 832 3424 non
857 3361 911 3426 ha·
1028 3367 1069 3426 ln
1086 3361 1255 3438 Thebaide
1280 3361 1320 3424 ad
1346 3358 1422 3426 litua
1444 3361 1512 3425 Nili
1531 3363 1708 3442 orientale,
1761 3445 1764 3452 Δ

163 3465 269 3539 heom,
287 3481 381 3548 quam
397 3483 455 3527 coa
469 3465 502 3528 in
518 3488 615 3528 onom
632 3479 762 3530 coactor
775 3465 819 3526 ob
834 3485 910 3526 ocu·
946 3465 1045 3529 ,urbe
1069 3465 1114 3528 sio
1139 3477 1248 3527 vocata
1270 3463 1310 3525 ab
1332 3465 1475 3538 Antaeo,
1502 3447 1600 3548 quoni
1622 3479 1707 3529 teate

163 3569 212 3629 loa
229 3567 357 3631 aittere.
377 3562 445 3659 Qui
462 3565 494 3628 io
509 3587 581 3630 rem
598 3585 686 3630 aram
700 3570 793 3650 plora
809 3566 906 3641 tolet,
961 3566 1114 3630 Diodoro
1132 3565 1243 3628 Siculo
1258 3565 1422 3631 Herculea
1438 3565 1579 3630 Osiridis
1601 3580 1706 3631 aetate

164 3667 257 3732 adeat
274 3677 425 3732 auctore·
444 3668 568 3731 citatur.
955 3667 1138 3732 dnteremit.
1634 3685 1646 3722 t

1026 3769 1203 3832 Hadriani.
1225 3759 1584 3835 t·ANTA10.L.1A.
1609 3769 1705 3832 Scro-

351 3905 665 3970 ALEXANDM
673 3899 711 3970 p·
955 3872 1012 3954 pis
1027 3883 1121 3933 stans
1137 3873 1169 3932 d.
1185 3871 1333 3946 destant,
1355 3894 1382 3932 s.
1399 3871 1611 3932 crocodilum.
1632 3869 1703 3934 ΔΕ.

959 3973 1015 4036 ΠΙ.
1044 3969 1176 4054 (Belley
1197 3990 1240 4033 ex
1259 3972 1345 4037 Mur.
1365 3971 1523 4034 Pellerin.
1542 3973 1581 4031 B.
1598 3969 1635 4034 [ι.
1659 3973 1700 4036 Τ.

226 4079 400 4140 Hadriani.
421 4071 593 4141 ΞΑΛΕΞ.
611 4075 651 4138 L.
666 4073 728 4140 ΙΑ.
754 4076 815 4137 Vir
830 4071 904 4136 bor·
958 4069 1107 4140 xxvnt.
1129 4093 1160 4156 p.
1178 4072 1267 4152 530.)

161 4183 258 4240 botes
272 4177 390 4240 habitu
405 4177 548 4240 militari
560 4189 655 4240 stans
669 4177 701 4242 d.
717 4177 861 4252 hastam,
876 4197 901 4237 s.
1022 4173 1073 4236 Ad
1089 4175 1228 4237 eimilcnt
1244 4193 1337 4237 tuom
1353 4193 1486 4236 numum
1500 4172 1605 4237 refert
1620 4173 1702 4237 zoe-

161 4280 416 4359 prrodrupedem,
436 4283 472 4342 itt
488 4297 567 4340 crea
580 4287 716 4340 astrum.
738 4277 808 4340 ΑΕ.
823 4275 879 4340 lll.
960 4299 1001 4361 ga
1019 4297 1060 4340 ex
1072 4275 1257 4338 Plutarcho·
1273 4278 1322 4354 t²),
1346 4275 1540 4358 Typhonem
1565 4274 1604 4337 ab
1628 4274 1700 4339 Oro

224 4378 285 4441 Hie
315 4377 424 4442 verhia
453 4395 586 4441 nonaum
619 4377 706 4443 hunc
735 4371 902 4454 drmdoror,
959 4379 1104 4462 iugatum
1127 4397 1230 4462 prope
1253 4375 1472 4462 Antaeopolin
1494 4377 1529 4438 in
1555 4375 1701 4440 crocodi-

162 4495 196 4545 et
218 4499 336 4544 recena
352 4462 473 4543 illustri
492 4498 605 4544 moeeo
627 4499 690 4544 em.
708 4479 804 4544 Card.
820 4481 903 4541 Bor·
957 4480 1026 4542 lum
1045 4498 1081 4545 ee
1101 4477 1313 4544 conuertitae.

161 4585 233 4667 gire
256 4581 384 4646 illatum
406 4580 596 4665 nuperrime
614 4600 742 4646 mecum
759 4599 902 4648 comma·
1022 4583 1101 4644 ΑΕ.
1122 4579 1261 4645 RIlRll.

197 4799 228 4866 a)
248 4795 336 4854 Num.
350 4797 428 4870 dog.¹
440 4791 542 4868 pilts.
615 4793 650 4863 h)
670 4791 723 4850 l.e.
796 4797 827 4866 c)
848 4792 886 4852 de
903 4793 940 4851 is.
958 4807 987 4850 et
1004 4759 1081 4852 (loir.
