4430 5564
596 509 670 584 ne
708 508 895 588 nvnts
933 505 1347 586 eonoutanvn.
1649 487 1748 606 aa,

201 685 325 771 primos
360 683 554 750 lambiarnm
584 681 625 742 il.
661 700 778 746 numot
813 679 951 766 collegit
1005 677 1159 766 gentibus
1182 679 1223 746 tt.
1249 692 1427 764 prognatos
1452 679 1654 764 existimant,
1686 707 1755 752 nno

199 787 430 874 vulgavitque,
463 785 498 846 in
526 783 645 846 norom
673 782 854 867 catalogum
881 802 950 848 uon
1005 783 1154 848 nituntur
1184 782 1416 860 fundamento,
1447 785 1589 850 nominis
1618 805 1755 852 concor·

199 891 328 973 reecpit
362 907 480 952 numus
514 885 728 969 peregrinos,
766 883 822 970 qui
850 882 952 966 magi·
1007 882 1072 948 alia.
1111 883 1169 946 Sin
1193 881 1298 960 istutl,
1323 904 1461 949 necesse
1485 887 1568 964 erit,
1594 886 1757 956 tatamtsr

200 1003 321 1058 stratus
350 989 563 1071 municipales
593 985 767 1068 inscriptos
794 983 949 1051 offerant.
1008 985 1124 1062 etiam,
1163 1004 1268 1070 paene
1298 1005 1411 1049 omnes
1439 985 1571 1071 imperii
1599 991 1660 1068 ll.,
1692 1012 1755 1076 qua

186 1089 429 1178 ,indulgentior
453 1088 589 1154 Carolus
611 1088 743 1150 Patiens
767 1099 861 1151 aucto
887 1105 946 1150 ano
1004 1087 1128 1171 patuit,
1164 1088 1288 1153 incolas
1318 1085 1358 1150 ab
1389 1085 1440 1150 ltis
1471 1108 1575 1170 genna
1603 1090 1752 1170 duxisse,

202 1193 323 1258 Vnica
347 1213 414 1256 non
435 1211 556 1276 paucos
579 1189 718 1254 inseruit
739 1207 856 1250 numen
876 1187 947 1267 ejus
1006 1188 1080 1274 quia
1104 1189 1224 1256 senaim
1254 1209 1369 1252 omnes
1396 1188 1474 1252 boio
1508 1189 1666 1272 imperio·
1680 1191 1757 1256 sub·

201 1295 333 1378 generis
358 1293 621 1376 magistratuum,
652 1289 781 1376 quando
805 1309 949 1352 commn-
1005 1287 1082 1373 J'eoti
1113 1289 1247 1372 abjectis
1277 1290 1463 1357 nominibus
1495 1293 1607 1375 patriis
1635 1293 1755 1358 Roma·

199 1397 252 1460 nia
273 1416 347 1460 com
371 1393 524 1478 gentibus
545 1395 587 1454 ll.
609 1393 740 1454 numina
763 1410 799 1454 se
822 1391 948 1454 obtule-
1006 1413 1047 1454 na
1078 1405 1308 1476 respexerunt.
1350 1391 1548 1474 Apollonius
1575 1395 1755 1476 Tyenenaia

200 1517 256 1575 re,
286 1495 423 1582 ejusque
449 1494 597 1577 uestigiis
620 1493 790 1566 institere,
818 1493 874 1578 qni
902 1512 951 1556 ee-
1008 1491 1153 1574 graviter
1181 1495 1274 1556 lonas
1303 1491 1451 1575 increpat
1473 1493 1523 1572 d),
1564 1495 1652 1577 qood
1680 1517 1755 1562 enm

200 1597 269 1661 cuti
304 1611 398 1675 snut,
436 1594 647 1669 Veillnntina,
694 1607 728 1657 et
766 1595 948 1658 Entellino.
1008 1591 1127 1674 Graeci
1148 1615 1221 1658 etse
1242 1593 1630 1670 etexistimerivellent,
1656 1597 1755 1663 babe-

201 1697 390 1762 Generatim
416 1698 567 1771 Petinus,
597 1694 809 1772 Vaillantina,
839 1708 873 1758 et
895 1695 949 1779 qni
1007 1707 1146 1779 rerutque
1176 1695 1266 1777 prins
1292 1697 1423 1758 uomina
1447 1695 1586 1760 heroum
1610 1711 1644 1760 et
1668 1701 1756 1765 siru-

201 1801 235 1861 in
271 1798 422 1862 ttorattit
452 1816 569 1859 nosnos
606 1809 841 1860 commentatus
881 1812 946 1870 est,
1005 1815 1079 1856 runt
1113 1795 1309 1872 illustrium,
1343 1815 1430 1860 nunc
1466 1810 1576 1860 essent
1605 1802 1753 1882 Luculli,

201 1901 447 1982 liuvercampus
484 1917 665 1974 censuere,
706 1896 768 1958 lton
809 1898 947 1972 linires,
1004 1895 1166 1972 Fabricii,
1197 1898 1310 1973 Laelia
1343 1912 1377 1960 et
1404 1917 1486 1960 mox·
1507 1899 1591 1964 inire
1614 1905 1663 1984 e)t
1695 1917 1752 1981 tu,

201 1999 325 2064 aediles
347 2014 410 2064 otc.
434 1997 489 2081 qui
509 1995 656 2074 Aebutii,
683 1995 835 2073 Aemilii,
864 1998 947 2060 lunii
1004 1997 1108 2080 inquit
1125 1997 1164 2060 ati
1181 1999 1391 2076 Hestiacnm,
1418 2015 1548 2082 repente
1568 2007 1618 2066 nis
1642 2011 1754 2070 ceneri

201 2117 265 2167 etc.
281 2115 456 2176 uocantur,
484 2112 641 2163 uetuere
663 2117 704 2162 ex
729 2097 845 2161 bor-nm
872 2119 945 2163 ease
1002 2098 1197 2175 Lucretius,
1213 2102 1268 2161 vel
1280 2101 1461 2182 Lupercus.
1483 2103 1523 2163 A
1540 2120 1681 2181 quonam
1700 2127 1753 2170 ec·
1851 2105 1856 2120 '

200 2205 356 2288 sauguine
382 2213 578 2285 prognatos,
605 2211 640 2262 et
664 2217 706 2262 cx
729 2200 811 2264 urbe
833 2203 865 2262 in
891 2219 946 2264 cc·
1003 2219 1041 2260 ro
1060 2199 1177 2260 borum
1193 2219 1301 2281 genna
1317 2203 1434 2264 dacis?
1452 2199 1538 2268 Vide
1556 2216 1589 2266 et
1606 2224 1750 2272 consona

199 2305 303 2368 lunias
327 2304 513 2376 traductos,
537 2311 592 2363 ant
613 2301 729 2366 bonurn
755 2321 827 2365 esse
851 2301 952 2364 liber·
1007 2297 1041 2359 in
1060 2299 1125 2363 rita
1145 2300 1311 2383 Apollonii
1330 2304 1509 2384 Tyaneusia
1525 2303 1564 2384 s).
1598 2305 1643 2366 Hi
1669 2327 1752 2391 ergo

200 2418 262 2470 tes.
311 2404 452 2470 Romani
486 2423 603 2466 omnes
635 2401 736 2466 fnisse
768 2404 948 2488 sanguinis,
1007 2401 1122 2478 lones,
1151 2403 1289 2488 verique
1311 2403 1449 2480 Graeci,
1481 2426 1520 2466 nn
1546 2427 1564 2468 a
1588 2407 1753 2487 Lucullis,

197 2505 296 2570 docet
329 2507 505 2570 Floreniue
526 2509 566 2586 ⁸).
610 2502 764 2567 Libertus
801 2505 946 2570 adseruit
1002 2500 1162 2566 Fabriciis
1186 2517 1250 2569 etc.
1276 2504 1365 2568 sati?
1397 2507 1507 2570 Taceo
1538 2519 1586 2570 tot
1615 2508 1753 2575 arebon-

197 2605 394 2682 Gellanslus,
420 2607 475 2690 qui
498 2605 530 2666 iu
558 2605 712 2687 epistola,
738 2611 822 2692 qnae
841 2621 946 2672 exstat
997 2615 1072 2680 let,
1099 2618 1281 2690 strategos,
1307 2606 1449 2682 scribas,
1473 2608 1620 2694 aliosque
1645 2613 1750 2676 emnia

196 2711 230 2771 iu
253 2707 425 2772 Memoriis
449 2705 733 2769 Treroltisnaibus
757 2705 808 2789 b),
835 2722 869 2772 et
892 2730 946 2772 re·
996 2701 1152 2776 ,fortunae
1173 2709 1282 2787 uiros,
1310 2729 1393 2793 qnos
1418 2707 1514 2770 nobie
1543 2713 1751 2796 suppeditant

195 2811 307 2874 atitnta
344 2820 394 2871 ost
429 2807 462 2868 in
496 2806 621 2869 Electis
650 2808 943 2890 Wolterecltiic),
1001 2827 1163 2870 marmora
1185 2829 1222 2872 ac
1244 2811 1352 2888 numi,
1384 2809 1662 2895 Romanisplane
1690 2835 1749 2878 uu·

194 2912 300 2978 arnico
316 2909 467 2994 objurgat
482 2907 689 2984 Mosellium,
713 2909 801 2992 quoti
818 2925 851 2973 et
869 2911 940 2994 ipae
1000 2907 1141 2971 minibus
1169 2910 1344 2992 praeditos.
1388 2911 1534 2973 Cornelii
1561 2913 1657 2976 Balbi
1687 2912 1749 2980 Ga-
1872 2967 1883 2990 ,

193 3015 343 3078 rideatur
376 3011 466 3077 velle
498 3009 639 3072 miscere
670 3031 745 3074 cum
776 3011 941 3076 nobilibus
999 3008 1094 3073 tibus
1117 3012 1181 3072 erti
1202 3011 1316 3087 fuero,
1345 3023 1378 3074 et
1399 3031 1418 3073 a
1439 3013 1653 3094 scriptoribus
1675 3037 1748 3098 pat·

192 3117 414 3178 Romanorum
447 3110 598 3196 gentibus
625 3113 777 3175 homines
807 3115 942 3178 montet,
997 3111 1059 3174 sim
1097 3111 1176 3175 dicti
1213 3113 1364 3174 homiues
1403 3113 1552 3190 externi,
1595 3128 1631 3178 nt
1666 3115 1748 3179 dixi-

190 3217 302 3299 pales,
331 3213 470 3276 libertos
497 3213 643 3294 patribus
671 3216 778 3279 servia
800 3236 942 3300 progna·
996 3235 1069 3277 mus
1096 3213 1130 3274 in
1161 3227 1291 3277 moneta
1314 3213 1471 3284 Gadium.
1502 3235 1567 3278 non
1597 3218 1698 3302 igitur
1728 3242 1747 3284 a

192 3333 262 3396 tea,
296 3318 354 3402 qni
380 3313 465 3378 adeo
495 3329 628 3398 praeter
660 3335 800 3394 nomen,
835 3319 938 3402 quod,
996 3313 1152 3379 Romanis
1174 3315 1355 3394 Corneliis,
1386 3331 1423 3379 nt
1446 3337 1553 3402 neque
1577 3319 1745 3404 Agrippae

191 3420 267 3503 quia
298 3417 417 3480 borum
450 3415 563 3477 liberti
594 3415 707 3492 luere,
746 3419 786 3481 ab
817 3420 868 3484 hia
898 3440 940 3484 ex
996 3415 1135 3482 iudaeae
1185 3438 1286 3500 reges
1336 3439 1355 3480 a
1405 3419 1555 3482 Romano
1599 3423 1745 3506 Agrippa
1792 3403 1801 3426 x

189 3539 284 3584 neore
306 3530 523 3602 acceperuut,
548 3515 630 3578 nihil
654 3539 728 3582 cnm
753 3521 793 3583 iia
819 3521 940 3586 ltabne·
997 3519 1137 3586 brinndi.
1171 3524 1221 3582 An
1248 3519 1388 3604 denique
1412 3521 1609 3600 verisimile,
1636 3527 1745 3588 Aemi-

155 3641 161 3654 ·
188 3643 229 3688 rc
264 3641 449 3686 commune.
493 3621 626 3703 Operae
660 3621 761 3702 igitur
797 3625 939 3707 pretinm
991 3620 1077 3714 xillae,
1110 3624 1231 3698 iuliae,
1269 3621 1399 3697 leniae,
1432 3623 1637 3704 patriciarum
1667 3647 1747 3710 gen·

186 3723 339 3790 videatur
363 3724 551 3808 inquirere,
582 3725 740 3808 primum,
771 3725 938 3791 fuerintne
995 3725 1075 3804 tium
1092 3726 1260 3802 surculos,
1284 3723 1325 3787 ab
1345 3723 1415 3808 ipsa
1434 3726 1585 3808 presepia
1610 3728 1650 3788 ad
1679 3749 1746 3792 aut-

187 3825 282 3890 llriri
316 3825 467 3907 gentibus
494 3826 535 3890 li.
564 3827 778 3909 cognomines
810 3848 852 3892 ex
885 3829 937 3893 bis
993 3826 1139 3910 plinsima
1179 3826 1312 3910 imperii
1361 3846 1497 3889 munera
1548 3825 1743 3908 destinatos,

187 3925 450 4001 etiamorinntli,
467 3926 603 4004 deinde,
624 3951 664 3992 an
679 3929 795 3992 harum
813 3930 936 4008 liberti,
992 3927 1195 4011 Acinipene,
1243 3927 1333 4006 lliei,
1384 3928 1579 4006 Obnloone,
1627 3931 1741 3996 aliisue

186 4027 384 4113 andeniqne
399 4025 573 4110 indigenae
591 4029 632 4093 ati
649 4031 853 4115 magistratus
879 4033 937 4096 do-
993 4029 1121 4114 oppidis
1148 4030 1346 4114 ignobilibus
1372 4032 1540 4096 llriratunt
1568 4033 1622 4100 vel
1654 4035 1741 4099 aedi·

185 4130 340 4194 aestiuos
383 4131 500 4194 evecti.
557 4131 666 4195 Lubet
708 4147 936 4218 argumentum
992 4133 1093 4196 latum
1116 4132 1270 4197 obeundo
1295 4133 1448 4198 maximas
1478 4156 1553 4198 anm
1579 4155 1654 4217 spes
1686 4157 1742 4200 ro·

174 4231 289 4310 ‘istud,
316 4235 489 4306 hactenus,
520 4233 608 4314 quod
631 4235 759 4312 nomm,
784 4235 857 4300 iere
880 4257 937 4300 ne·
991 4236 1093 4300 loiase
1114 4236 1310 4299 retardare?
1340 4236 1403 4298 nisi
1429 4235 1501 4318 guis
1528 4235 1615 4299 forte
1638 4239 1742 4319 possit

187 4335 354 4420 glectnm,
373 4333 559 4398 adcuratius
578 4347 730 4399 tractare.
992 4337 1228 4422 comprobare,
1257 4337 1404 4400 illustres
1431 4335 1493 4399 tos
1523 4336 1611 4403 viros
1639 4339 1744 4425 hone·

249 4436 317 4530 Qai
341 4435 554 4519 municipales
582 4434 645 4499 bos
673 4437 860 4520 praefectos
893 4459 935 4504 ex
991 4439 1038 4502 ris
1064 4452 1186 4502 tantum
1208 4459 1305 4503 causa
1325 4437 1556 4521 municipalem
1573 4440 1742 4506 bonema-

221 4661 441 4739 al'l'.1.p.'t6.
513 4660 548 4735 b)
569 4661 748 4736 Majottot.
811 4667 988 4745 c)png„6¹t.
1051 4665 1253 4744 d)Epist.7t.
1320 4665 1519 4742 e)Epist.'l²·
1589 4666 1739 4740 ULW.

184 4763 246 4814 u&
628 4771 635 4778 ‘

1340 4849 1498 4934 Pppu
