4446 5570
560 537 637 610 aa
674 534 974 610 cusator.
1006 531 1388 612 cunononoe
1674 509 1748 643 hl

184 707 284 770 istud
306 706 490 792 singulare,
520 705 773 791 quodsnbinds
803 718 837 769 et
866 705 944 772 trib.
1000 703 1205 783 chenorum,
1246 724 1341 788 quam
1380 705 1414 767 in
1455 707 1578 774 horum
1613 728 1745 779 moneta

181 821 408 890 potestatem,
442 807 549 888 cujus,
583 822 618 872 ut
637 808 748 893 paullo
778 808 872 872 altius
897 807 945 868 di·
998 807 1172 890 proposui,
1204 819 1368 888 sequatur.
1407 808 1512 891 Saepe
1535 811 1747 894 offenderunt

180 910 244 984 xi,
275 909 400 976 mentio
421 909 584 972 iormulae
606 903 778 972 ΕΤΟΤΣ.
801 905 944 974 ΝΕΟΤ.
999 909 1081 971 artis
1107 921 1239 968 nostrae
1267 907 1421 984 studiosi,
1451 929 1525 974 cum
1556 934 1597 976 ex
1626 916 1744 998 sigillis

184 1006 530 1085 IEPOT.suceessit,
549 1009 581 1070 in
599 1023 754 1074 autumno
767 1010 945 1090 iterasere,
999 1009 1153 1086 minutis,
1189 1007 1326 1091 illisque
1357 1008 1536 1076 arbitrariis
1570 1027 1604 1076 et
1637 1017 1748 1104 ragis,

184 1109 234 1174 de
265 1131 330 1196 quo
357 1111 522 1196 paradoxo
546 1109 679 1192 copiose
700 1115 779 1175 olim
796 1133 888 1196 agam
905 1111 941 1174 in
997 1107 1103 1194 qualia
1132 1123 1205 1173 sunt
1232 1110 1341 1185 clara,
1373 1125 1510 1189 nstrum,
1542 1115 1630 1196 spica
1662 1099 1742 1196 etc,
1815 1168 1819 1176 .

182 1225 325 1276 moneta
349 1212 492 1294 Traiani.
524 1208 599 1304 Quo
622 1211 847 1290 conlirmatnr,
872 1213 943 1277 ior·
996 1229 1112 1273 eornm
1142 1227 1178 1272 se
1205 1211 1341 1294 patrium
1369 1232 1466 1296 posse
1486 1213 1611 1279 elicere
1632 1239 1743 1301 spere·

180 1313 295 1375 mulas
309 1309 480 1378 ΕΤΟΤΣ.
496 1309 633 1375 ΝΕΟΤ.
652 1309 800 1390 ΙΕΡΟΤ,
816 1327 849 1378 ct
864 1311 943 1376 ΔΗ·
996 1324 1123 1376 verunt.

180 1406 838 1480 Man1ntt2.ts?.0T21a200uen
853 1415 944 1500 apud
1059 1413 1238 1481 CYPRVS.
1260 1416 1346 1478 Huic
1362 1415 1487 1478 insulae
1507 1418 1579 1498 jure
1597 1419 1742 1484 trihuutt-
1866 1393 1870 1402 ³

178 1515 381 1599 haagentes
400 1511 616 1579 incoluisse..
993 1526 1068 1591 tur,
1102 1513 1157 1595 qui
1191 1527 1284 1598 typos
1316 1514 1436 1578 hahent
1466 1518 1619 1600 Cyprios,
1650 1523 1742 1587 aide.

993 1613 1074 1678 licet
1090 1614 1254 1698 tenplum
1276 1617 1417 1682 Veneris
1439 1618 1597 1700 Paphiae,
1633 1635 1667 1685 et
1691 1625 1741 1688 10-

993 1735 1069 1780 vem
1091 1704 1228 1780 stantem
1251 1736 1294 1779 eo
1315 1716 1423 1792 cultu,
1452 1738 1518 1800 quo
1547 1720 1575 1782 is
1604 1721 1739 1806 lingitur

533 1835 590 1900 111·
795 1854 802 1870 ·
992 1814 1030 1877 in
1051 1837 1150 1882 numo
1173 1838 1215 1881 ex
1236 1818 1410 1902 descriptis
1430 1818 1471 1882 ll.
1505 1820 1601 1884 Hunc
1627 1825 1740 1888 Iovem

822 1973 829 1984 ,
995 1935 1070 1980 esse
1092 1917 1327 2001 Capitolinum,
1355 1939 1530 2002 perperam
1559 1905 1755 1989 adseruare·

205 2021 266 2085 De
282 2022 399 2104 patrio
414 2019 533 2084 horum
550 2035 743 2098 rumorum,
763 2029 798 2082 et
816 2021 917 2104 typis·
994 2003 1157 2102 Sog‘ninus
1179 2021 1226 2101 ΙΙ),
1248 2034 1282 2083 et
1304 2019 1519 2104 spanhemius
1534 2019 1579 2103 b).
1610 2022 1739 2117 Quanta

993 2121 1080 2182 enim
1100 2133 1247 2202 spectato
1268 2118 1357 2184 cultu
1376 2125 1544 2207 utriusque
1567 2126 1652 2189 lovis
1678 2126 1737 2188 dif-

252 2223 289 2284 Si
317 2222 409 2286 lnhet
438 2221 532 2305 sequi
556 2233 724 2285 auctorem
745 2220 938 2304 Belleynm,
992 2219 1151 2283 ferentia!
1189 2223 1309 2285 Melius
1331 2222 1523 2289 Vaillsntins
1546 2228 1657 2292 Iovem
1680 2229 1737 2291 Sa-

179 2325 280 2388 hsec·
298 2322 352 2388 ds·
370 2323 487 2386 horum
519 2323 621 2406 patris
643 2342 814 2386 numerum
838 2322 939 2385 tnba·
991 2321 1159 2386 laminiana
1202 2321 1304 2401 dixit,
1345 2323 1437 2386 nulla
1477 2337 1586 2389 tamen
1629 2327 1737 2392 addita
1791 2340 1795 2348 '

179 2441 238 2491 to:
286 2427 408 2508 Tyrum
448 2424 557 2510 arguit
592 2425 701 2500 clara,
747 2423 931 2514 Seleuciam
991 2443 1086 2486 eausa
1107 2425 1158 2505 c),
1183 2425 1243 2487 sed
1265 2445 1364 2508 quam
1385 2426 1570 2508 suppeditat
1595 2429 1737 2492 Ammia-

183 2527 303 2610 Syriac
332 2526 474 2602 fulmen,
508 2527 716 2603 Caesaream,
758 2537 813 2586 ant
842 2525 933 2588 sonte
989 2523 1118 2612 troadis
1138 2525 1341 2601 Salamis,et
1361 2529 1506 2610 Paphus,
1522 2530 1736 2594 nlteroIovis

178 2629 361 2704 Sebastos,
400 2627 602 2690 Palaestinae
641 2626 759 2702 nrbes,
801 2625 940 2690 modius·
988 2627 1144 2700 delubris,
1157 2628 1273 2687 ultera
1288 2631 1425 2690 Veneris
1439 2629 1560 2710 templo
1577 2633 1734 2713 insignis.

177 2731 281 2814 spicis
302 2729 466 2806 refertus,
492 2728 653 2792 Salamina
679 2728 779 2810 Cypri
801 2729 929 2810 signum
1050 2727 1625 2794 caesntttchcal’t’rtnoctatc.
1658 2733 1734 2796 Huc

178 2833 288 2908 lotis,
325 2829 472 2914 Paphum
509 2829 666 2911 templum
694 2829 836 2897 Veneris
870 2831 932 2891 Pa·
987 2827 1156 2911 pertinere
1185 2847 1264 2905 cos,
1305 2830 1362 2910 qni
1394 2845 1539 2896 montana
1566 2835 1734 2918 Aegaeum

176 2935 297 3017 plaiae,
342 2932 533 2995 Caesaream
571 2929 794 3014 Cappadociae
835 2949 939 2992 mons
986 2927 1162 3004 exhibent,
1185 2928 1402 3012 disputatione
1424 2951 1490 2996 non
1512 2946 1600 3016 eget.

175 3039 341 3117 Argaeus.
384 3033 475 3095 Haec
502 3031 560 3094 ills
589 3031 772 3094 inlaudata
809 3031 930 3115 princi·

175 3138 236 3219 pio
266 3134 494 3198 dissertatione
518 3155 551 3217 p.
568 3131 647 3210 ΛΟΜ
678 3135 722 3195 Aa
744 3151 808 3215 ego
832 3131 942 3194 aliam·

174 3257 295 3300 eornm
333 3237 469 3320 patriam
506 3255 572 3296 non
611 3253 754 3318 agnosco
795 3247 928 3317 praeter
1234 3233 1252 3248 ⁶
1331 3252 1388 3322 Π,

172 3339 385 3403 Antiochiam
403 3337 534 3419 Syriae,
555 3338 713 3419 Cyprum,
733 3339 945 3399 Caesaream»
1341 3407 1349 3429 x

175 3440 417 3526 Cappadociae.
440 3439 492 3501 De
511 3439 648 3520 singulis
667 3457 777 3522 pauca.
983 3436 1196 3514 Dametullo,
1215 3447 1250 3500 et
1260 3432 1728 3521 ponderehorumnumorum.

237 3541 485 3605 ANTIOCHIA
511 3539 681 3605 SYRIAE.
724 3541 799 3603 Huc
826 3538 937 3624 perti·
1043 3575 1064 3588 ι

171 3659 264 3709 nent·
283 3665 416 3722 omnes,
444 3643 499 3728 qni
517 3641 661 3726 'aquilam
688 3641 839 3723 expansis
862 3642 922 3704 alia
963 3645 965 3653 '
1041 3637 1152 3708 Alium
1174 3639 1270 3724 hujus
1292 3641 1422 3716 classis,
1452 3640 1517 3702 nisi
1535 3655 1729 3726 argenteum

170 3767 231 3809 seu
260 3745 403 3821 fulmini,
432 3765 492 3810 seu
512 3743 640 3820 clavae,
668 3763 728 3805 seu
753 3744 824 3807 basi
846 3743 923 3806 insi·
979 3759 1045 3804 non
1062 3743 1189 3825 reperit
1204 3743 1376 3824 Belleyns,
1396 3741 1531 3826 dempto
1549 3765 1614 3806 uno
1631 3745 1729 3808 Decii

169 3861 332 3925 stentem,
369 3847 522 3909 adstituto
560 3846 757 3932 plerumque
793 3846 921 3928 palmas
978 3830 1214 3918 Anazarbeno,
1246 3845 1303 3929 qni
1333 3863 1453 3906 aenens
1486 3857 1547 3911 est.
1583 3843 1651 3908 Sed
1672 3865 1730 3908 ne·

168 3969 285 4023 ramo,
316 3947 490 4024 exhibent,
516 3960 570 4011 ant
593 3968 666 4010 cnm
693 3947 809 4010 eadem
834 3948 923 4032 aqui·
980 3965 1043 4029 qne
1066 3944 1120 4008 hie
1143 3945 1253 4029 legem
1275 3945 1441 4030 infringit5
1473 3966 1548 4009 nam
1578 3965 1655 4010 eum
1685 3945 1725 4009 ad

169 4055 201 4114 la
233 4051 271 4111 in
301 4063 426 4132 partem
457 4051 593 4114 anticam
623 4049 801 4132 trajicitur,
835 4048 921 4111 inira
977 4047 1061 4109 hanc
1084 4049 1221 4110 classem
1243 4068 1309 4110 non
1331 4049 1518 4131 pertinere,
1540 4067 1638 4130 supra
1660 4045 1726 4134 §.h

168 4153 312 4238 Augusti
351 4165 447 4235 caput
487 4151 657 4214 collocata.
702 4149 807 4242 Qham
848 4153 920 4212 cau·
979 4148 1087 4214 docui.
1124 4149 1234 4212 Licuit
1261 4163 1368 4212 tamen
1398 4150 1478 4210 mihi
1500 4150 1650 4231 reperire
1673 4169 1728 4213 ae·

168 4275 236 4318 sam
264 4253 319 4340 qni
343 4254 472 4337 plenius
495 4272 595 4314 nosse
618 4251 723 4334 cupit,
749 4252 782 4311 in
800 4270 920 4335 quaeso
977 4273 1095 4326 neum,
1125 4269 1223 4333 quem
1244 4249 1278 4310 in
1300 4251 1502 4333 Vespasiano
1524 4262 1726 4332 postremum
1863 4273 1871 4290 ·

169 4367 273 4421 totam
309 4343 429 4420 seriem
460 4354 777 4420 tetradrachmorum
807 4353 921 4416 Antio·
978 4353 1153 4438 proposui,
1186 4366 1219 4415 et
1250 4371 1348 4436 quem
1380 4351 1456 4416 huic
1484 4350 1581 4415 classi
1602 4352 1727 4415 socian-

1199 4547 1722 4582 m

208 4675 541 4752 siselnttmptltt.
592 4673 627 4745 b)
650 4671 749 4732 Caras.
765 4669 869 4732 iulian.
889 4677 976 4751 1⁸62·
1025 4676 1052 4744 c)
1076 4667 1494 4746 Num.pracst.'1'.ll.p.95·
1545 4671 1720 4742 d)la.ll1Vr.

170 4775 231 4828 ms.

1313 4847 1490 4934 fisse
