4444 5558
383 563 387 572 '
482 583 501 645 a
839 549 859 560 ”
998 555 1189 629 REGES
1223 553 1506 670 ᾹΕὓῩΡΤῙ.ι

370 737 374 746 ’
532 710 835 794 Procrustes
858 725 898 787 11.
930 725 1171 790 samanun-
1276 721 1462 807 Lysimachi
1490 709 1642 800 atenim,
1671 741 1826 812 suamque
1856 743 2018 804 saraam,

491 847 498 852 ·
591 855 598 866 ·
710 853 713 862 Α
783 827 912 897 PHVS.
1277 825 1318 891 de
1338 847 1401 915 qua
1415 823 1638 914 inirainejos
1659 835 1769 892 numo.

541 1029 671 1098 Soteris
690 1043 724 1095 et
741 1029 922 1096 Berenices
942 1029 983 1095 F.
1021 1029 1105 1093 Eum
1126 1039 1223 1113 pater

480 1133 586 1197 adhuc
605 1135 698 1198 vivus
716 1133 858 1218 Aegypti
886 1147 1003 1216 regem
1029 1130 1112 1194 dixit
1134 1141 1223 1219 post-

481 1235 591 1300 habito
620 1234 812 1314 Ptolemaeo
842 1235 1012 1310 Cerauno,
1052 1253 1149 1319 quesn
1179 1231 1223 1296 'ex
1341 1229 1492 1298 ΘΕΩΝ.
1524 1235 1645 1317 Cupito
1661 1235 1784 1316 iugata
1805 1233 1932 1308 Soteris
1951 1237 2022 1296 dio·

481 1335 594 1418 priore
617 1353 721 1398 uxore
747 1335 912 1417 Eurydice
939 1333 1079 1426 sustulit.
1122 1335 1221 1417 Cyr'e·
1279 1334 1446 1398 demotum
1461 1347 1495 1398 et
1509 1336 1694 1399 Berenices.
1725 1327 2022 1400 ΞΑΔΕΛΦΩΝ.

482 1458 547 1499 nen
570 1435 730 1500 seditione
752 1437 868 1518 Uagae
888 1434 998 1498 fratris
1014 1435 1157 1526 uterini,
1179 1434 1222 1498 de
1280 1425 1406 1520 Cupite
1425 1436 1547 1518 iugata
1566 1435 1778 1520 Philadelphi
1797 1439 2023 1500 diadematum

483 1549 548 1623 quo
571 1557 664 1620 agam
692 1555 768 1598 mon
789 1536 824 1597 in
853 1537 976 1614 numia,
1005 1535 1047 1599 ah
1072 1537 1224 1620 Aegypto
1277 1539 1375 1618 genis
1402 1539 1531 1600 modice
1558 1538 1662 1600 dorda
1689 1539 1838 1614 vestitis,
1867 1549 1901 1600 et
1924 1537 2026 1600 Arsi·

415 1648 418 1659 ¹
483 1639 646 1714 avolem,
667 1655 709 1701 eo
728 1636 881 1700 defuncto
897 1638 1026 1722 recipit.
1061 1640 1224 1701 Romano-
1280 1659 1376 1713 noes,
1394 1639 1677 1728 poncelypeolus.
1721 1637 1793 1708 AV.
1810 1655 1912 1703 mm.
1930 1639 1972 1702 11.
1989 1648 2025 1700 et

482 1753 564 1801 rum·
583 1740 689 1821 ejecto
720 1739 811 1802 ltalia
831 1738 960 1820 Pyrrho
990 1739 1144 1802 virtatem
1157 1737 1225 1803 ad·
1281 1739 1340 1806 111.
1361 1741 1459 1821 (Mus.
1476 1737 1589 1822 Caes.)

483 1841 618 1904 mirmur
636 1860 710 1903 eum
729 1839 780 1902 his
801 1841 972 1903 amicitiam
994 1840 1111 1924 jungit.
1155 1843 1227 1903 tta-
1348 1841 1429 1905 Sine
1444 1840 1631 1922 epigraphe.
1663 1839 1785 1921 Cupito
1803 1841 1917 1903 eodem
1937 1837 2026 1902 Sote-

483 1943 568 2005 n'tur
583 1942 625 2009 V.
645 1941 681 2006 C.
701 1943 775 2018 507.
798 1941 838 2006 Α.
864 1943 903 2006 X.
926 1951 998 2021 247.
1023 1962 1108 2003 anno
1131 1942 1227 2023 regni
1284 1941 1333 2004 ris
1354 1951 1388 2002 et
1407 1941 1592 2005 Berenicen
1642 1936 1667 2002 Ξ
1699 1937 1848 2007 ΘΕΩΝ.
1884 1935 2027 2002 ΑΔΕΛ·

483 2043 664 2111 xxxvto.
707 2041 775 2103 sni
802 2054 942 2104 moram
976 2041 1105 2125 tongra.
1135 2039 1229 2103 ‹tiffe-
1285 2033 1412 2106 ψΩΝ.
1459 2043 1579 2122 capam
1612 2043 1725 2104 oasam
1754 2025 1967 2125 Psttahetpat
1992 2051 2027 2104 os

484 2155 571 2206 runt.
615 2145 652 2203 In
676 2142 740 2205 hoo
765 2142 912 2225 principe
942 2141 1081 2205 maxime
1113 2141 1232 2206 enituit
1286 2142 1461 2206 Arsinoes.
1491 2139 1562 2210 AV.
1580 2161 1623 2208 m.
1640 2161 1683 2208 m.
1704 2141 1871 2222 (Vaiiiant.
1894 2143 2006 2228 pha.)

485 2241 691 2307 incredibilis
707 2242 877 2304 literarum
895 2263 1005 2318 amor,
1028 2256 1061 2306 et
1082 2241 1229 2306 abstrusa
1352 2242 1459 2324 Caput
1475 2245 1815 2324 regisdiedemutum.
1854 2239 2029 2306 thatt-

473 2363 635 2429 ,quaequo
664 2343 822 2406 noscendi
843 2343 1114 2428 intelligendique
1141 2345 1231 2428 eupi-
1285 2337 1788 2408 Assttz.ssTOAEMA10t.
1816 2344 2030 2426 Aquilofoi·

488 2445 582 2510 ditas.
617 2443 687 2507 Huc
704 2443 762 2507 itta
779 2445 936 2528 impulsus
952 2445 1098 2510 eruditos
1116 2463 1230 2506 omnes
1287 2447 1372 2508 mini
1397 2445 1574 2522 insistens,
1605 2448 1641 2508 in
1664 2466 1744 2508 oreo
1761 2448 1862 2509 anni.-
1881 2445 1922 2510 L.
1950 2439 2028 2519 Me.

487 2545 614 2630 magnis
639 2545 817 2630 propositis
843 2546 995 2630 praemiis
1023 2546 1064 2609 sd
1091 2565 1130 2607 se
1155 2564 1233 2609 evo·
1287 2548 1388 2628 (Mas.
1415 2545 1523 2625 Gaas.)
1559 2545 1600 2612 1..
1623 2541 1711 2610 MH.
1743 2545 1905 2630 (Pellarin
1932 2543 2033 2607 ttet-

489 2649 597 2726 cavit,
615 2661 825 2712 monumenta
854 2648 1018 2712 vetustatis
1043 2646 1170 2725 omnia,
1197 2657 1231 2710 et
1287 2647 1391 2712 tione·
1412 2667 1445 2732 p.
1467 2645 1537 2728 83.)
1571 2647 1611 2712 ἱι.
1634 2641 1723 2712 ΜΘ.
1760 2647 1891 2730 (vattt.)
1924 2645 1965 2711 Is.
1987 2645 2028 2710 N.

488 2749 663 2812 doctorum
691 2747 940 2812 commentarios
968 2748 1152 2832 ubicunqne
1179 2766 1233 2813 re·
1289 2747 1438 2834 (Haym.)
1467 2749 1507 2817 1..
1524 2750 1593 2816 NB.
1616 2747 1779 2832 (Pellerin
1805 2750 1829 2815 l.
1848 2769 1877 2814 o.
1907 2770 1942 2836 p.
1959 2748 2030 2830 do.)

491 2849 641 2917 conditos
658 2849 782 2928 missis,
804 2849 868 2933 qai·
881 2851 1135 2934 investigarent,
1156 2869 1235 2914 oon·
1289 2851 1330 2916 L.
1347 2848 1423 2946 Νᾼ.
1453 2851 1569 2946 (Cetei.
1595 2851 1738 2916 reinonn.
1774 2871 1807 2934 p.
1825 2851 1872 2934 o.)
1908 2837 2032 2924 IaNs.

491 2953 645 3038 quava,
677 2950 905 3033 amplissimam
939 2949 1156 3015 Alexandriae
1185 2950 1234 3014 ut-
1290 2952 1455 3035 (restem
1476 2951 1500 3016 t.
1516 2972 1546 3017 e.
1567 2974 1601 3039 p.
1616 2955 1688 3040 7q.)
1713 2956 1751 3018 sn
1769 2971 1850 3018 area
1869 2951 1930 3020 m.
1951 2933 2031 3014 Ita„

489 3053 689 3118 hliothecam
711 3051 882 3130 instruxit,
903 3065 938 3116 ut
959 3054 1162 3137 plantarum,
1188 3051 1234 3116 la·
1291 3051 1332 3122 A.
1348 3067 1412 3121 etc.
1457 3049 1528 3122 AR.
1542 3055 1568 3122 Ι.

489 3155 622 3242 pidum,
645 3155 831 3219 animalium
853 3153 1022 3235 indolem,
1044 3169 1077 3220 et
1101 3155 1234 3243 quaesit
1357 3156 1464 3237 Caput
1483 3157 1575 3221 Iouis
1594 3158 1828 3222 diadematum.
1867 3147 2037 3216 :nam-

491 3272 624 3323 naturae
650 3275 766 3322 arcana
789 3257 930 3340 penitius
952 3274 1126 3339 nosceret,
1155 3260 1235 3324 olus·
1290 3249 1444 3325 ΛΕΩΣ.
1460 3252 1798 3322 -ΠΤΟΛΕΜΑΙΟΤ,
1832 3255 1965 3335 Aquilo
1985 3256 2036 3318 ito

491 3383 544 3424 ses
560 3380 622 3444 per
640 3359 746 3421 sinum
761 3359 935 3424 Arabicum
955 3360 1095 3438 dimisit,
1117 3373 1151 3424 et
1168 3357 1242 3425 etei
1291 3363 1414 3422 sisstas
1426 3359 1592 3446 fulmini,
1621 3361 1657 3420 in
1687 3375 1793 3419 urea:
1827 3353 1867 3422 1..
1887 3351 1977 3426 MA.
2004 3369 2038 3420 et

489 3463 688 3548 phantorum
700 3461 888 3525 venationes
900 3464 1024 3546 primus
1041 3464 1073 3524 in
1083 3461 1235 3545 Aegypto
1280 3459 1353 3546 flos
1372 3461 1448 3526 lost.
1488 3459 1559 3524 ΔΕ.
1576 3459 1616 3526 ΙΙ.
1639 3453 1851 3540 (Theopoli.)

492 3561 645 3626 instituit·
684 3562 776 3624 luter
802 3561 891 3624 viros
909 3563 1058 3625 doctrina
1079 3561 1236 3640 illustres,
1359 3559 1467 3641 capas
1485 3562 1576 3642 regis
1594 3561 1829 3626 diadematum.
1864 3551 2039 3622 tem-

493 3684 576 3751 qnoe
603 3681 716 3725 seeum
747 3659 860 3723 habuit
888 3661 1143 3746 Philadelphus,
1173 3682 1238 3725 ma·
1293 3655 1447 3725 ΛΕΩΣ.
1468 3655 1797 3725 ΠΤΟΛΕΜΑΙΟΤ.
1821 3659 1954 3742 Aquita
1961 3663 2038 3745 jat-

493 3785 594 3850 pum
615 3779 736 3826 nomen
753 3757 867 3843 'adepti
889 3773 985 3841 sunt,
1014 3765 1070 3850 qni
1085 3763 1238 3828 Pleiades
1293 3765 1380 3826 misti
1395 3763 1571 3840 insistens,
1593 3765 1630 3827 itt
1643 3782 1742 3826 ereo:
1762 3761 1802 3828 Ia.
1820 3759 1862 3828 Α.
1879 3747 1919 3826 Β.
1936 3756 1977 3828 Δ.
1994 3757 2035 3827 Ζ.

494 3881 674 3934 enumero
700 3863 886 3946 septenario
913 3862 991 3929 dieti
1018 3881 1111 3945 sant,
1141 3887 1239 3954 qnan-
1296 3863 1355 3928 lA.
1378 3859 1436 3928 ΙΘ.
1458 3863 1502 3930 Κ.
1524 3875 1588 3928 eto.
1608 3855 1655 3930 Λ.
1676 3859 1756 3930 ΛΘ.
1801 3864 1873 3926 att.
1889 3863 1917 3931 1.

495 3989 590 4054 quam
619 3967 652 4028 in
678 3963 742 4028 hoc
763 3965 944 4048 sapientam
969 3967 1113 4056 collegio
1140 3987 1239 4055 saepe
1357 3964 1484 4029 Prioris
1511 3965 1645 4049 ganeam
1665 3984 1783 4031 aureos
1809 3961 1940 4049 pridem
1968 3963 2042 4028 iilu-

494 4067 716 4154 pinstaiuere
731 4065 826 4150 pravi
840 4053 1124 4150 ingeniiabortus,
1140 4091 1239 4160 quam
1297 4069 1410 4136 amavit
1434 4055 1663 4154 ·8pdnhemios
1693 4067 1735 4150 ¹).
1797 4066 1901 4151 Caput
1944 4064 2039 4131 virile

488 4171 617 4258 prioris
634 4170 707 4235 aevi
726 4187 804 4232 sana
820 4189 963 4256 veraque
981 4169 1143 4240 doctrina.¹
1295 4171 1397 4261 partis
1433 4171 1558 4236 nnuma
1589 4189 1663 4236 esse
1681 4167 1867 4234 Ptolemaei
1903 4166 2041 4244 Soteris,

489 4283 494 4292 '
558 4274 691 4341 onres
718 4269 832 4335 hebuit
864 4275 1032 4338 Arsinoeo
1054 4276 1241 4359 Lysimachi
1297 4279 1366 4363 ipsa
1389 4273 1585 4338 lineamenta
1605 4272 1747 4336 dictante
1782 4271 1930 4334 iunctum
1958 4287 2041 4353 ergo

497 4374 634 4438 Thracis
653 4361 774 4450 liliam,
804 4393 845 4437 ex
869 4393 931 4457 qus
953 4363 1152 4463 illustriores
1175 4380 1241 4444 nati
1298 4377 1446 4443 mulieris
1484 4387 1580 4459 eaput
1617 4388 1668 4453 est
1706 4370 1818 4436 uxoris
1848 4371 2041 4436 Berenices.

496 4477 705 4541 Ptolemaeus
720 4477 777 4542 111.
789 4488 832 4539 et
847 4476 1021 4544 Berenice.
1066 4481 1125 4544 ttta
1145 4501 1243 4567 repn-
1299 4481 1439 4565 Vtrique
1490 4477 1588 4562 capiti
1639 4473 1821 4560 applicatur
1862 4471 2042 4558 epigraphe

497 4578 581 4644 dista
608 4576 699 4640 duxit
723 4577 896 4640 Arsinoen
924 4578 1059 4644 alteram
1094 4582 1240 4667 ejusdem
1301 4575 1458 4659 ΘΕΩΝ,
1474 4600 1568 4666 quam
1586 4592 1696 4642 tuetur
1710 4575 1840 4642 illustre
1856 4591 2044 4642 monumen·

1577 1063 1724 1133 Numi.-

533 4791 564 4861 ι)
584 4785 669 4846 Tum.
689 4785 711 4843 1.
730 4803 761 4860 p·
779 4797 841 4849 ttt.
