4444 5558
648 455 797 586 ntur
829 503 1257 582 runxanonrnr.
1678 530 1724 596 ,5

180 679 279 770 verba
297 679 438 746 Diodori
456 699 523 744 uon
540 679 616 744 satia
632 696 705 743 eoae
723 673 926 760 hujuanumi
982 694 1057 742 tum
1072 675 1183 760 zoiga
1195 673 1277 741 vidit
1291 694 1366 741 oum
1386 675 1516 756 1..1z.‚
1534 699 1634 746 uuum
1652 701 1727 746 oum

179 784 285 847 mutis
308 779 572 859 adcommodant,
592 793 628 844 ut
648 778 773 864 legenti
793 778 925 863 patebit,
980 777 1020 840 L.
1052 773 1111 840 ΙΘ.
1150 797 1193 842 ex
1230 776 1402 842 Eudoiuo
1439 779 1561 848 eitutit.
1625 781 1729 846 Cauta

178 897 249 948 tum
267 883 356 968 quod
374 883 408 946 in
427 881 519 954 verbi
538 895 695 966 σημασιας
709 878 853 948 lentiore
873 900 926 950 va·
982 877 1054 962 ejua
1071 878 1141 948 eive
1158 877 1391 964 parsimoniae,
1408 880 1479 946 aive
1497 881 1646 950 defectui
1662 903 1730 949 nou

179 985 265 1050 riunt
280 982 426 1052 oodieet.
983 981 1059 1046 tatia
1094 979 1257 1066 expedita.
1307 979 1471 1047 Continuo
1508 983 1599 1048 numi
1635 986 1730 1050 Com·

441 1163 462 1204 ὑ
545 1117 566 1158 .
648 1165 667 1206 1
982 1081 1072 1148 modi
1104 1102 1179 1150 cum
1209 1081 1398 1166 eunoejue
1422 1083 1552 1168 primo,
1590 1086 1730 1162 senii,

982 1183 1089 1254 obvii.¹

243 1289 296 1355 De
318 1288 411 1352 ennio
431 1284 597 1371 inscriptio
616 1283 801 1350 adcuratiua
828 1303 927 1370 agen-

181 1389 269 1456 dum.
305 1389 420 1452 Aunue
444 1389 487 1456 A.
503 1389 551 1454 tt.
565 1385 695 1450 Aurelii
715 1387 829 1471 'eoepit
854 1406 927 1450 eur·

179 1511 257 1556 rere
280 1511 299 1554 ι
321 1488 527 1559 vttttmit
549 1489 593 1558 V.
613 1487 649 1554 C.
674 1497 748 1574 9¹4·
780 1487 927 1550 exiturua
1105 1483 1378 1560 F'avstttte
1398 1485 1604 1559 tvnlott.

179 1591 298 1654 xx1x.
315 1591 458 1676 Auguati
477 1586 625 1673 ejuadem
645 1587 741 1665 auri,
768 1607 833 1674 quo
851 1607 928 1653 coe·
1466 1646 1470 1654 ,

179 1693 230 1776 pit
245 1712 347 1756 annua
364 1693 404 1756 Β.
433 1691 514 1776 Ejua
535 1709 638 1752 annua
657 1701 843 1772 postremos
865 1687 928 1752 iuit
1048 1687 1165 1772 Typie,
1182 1688 1288 1774 quiin
1304 1689 1374 1772 ejua
1391 1703 1524 1755 moneta
1540 1703 1728 1764 oeeurrunt,

179 1793 234 1873 K,
265 1791 322 1878 qui
348 1790 464 1876 eoepit
486 1801 627 1854 exeunte
653 1789 803 1873 Augusto
827 1791 870 1857 V.
889 1789 926 1854 C.
983 1787 1205 1873 expiioaudia,
1246 1791 1399 1876 quoniam
1430 1789 1514 1853 nihii
1539 1790 1619 1858 uoti
1647 1787 1729 1855 offe·

181 1891 274 1976 oie..
310 1910 376 1977 quo
406 1891 537 1955 labente
565 1903 712 1954 mortona
744 1904 794 1954 eat
821 1889 926 1957 XVH.
982 1903 1075 1967 runt,
1096 1909 1164 1953 nou
1180 1891 1415 1956 immorabor..
1651 1875 1654 1882 ⁵

154 2047 168 2060 .
180 1992 292 2057 Martii
312 1994 355 2063 V.
371 1992 407 2057 C.
430 1991 503 2076 ott.
542 1989 634 2053 Si-iu
656 1991 727 2074 ejua
747 1992 854 2056 numit
873 2012 928 2055 re·
1044 1991 1235 2078 Epigrephe
1251 1991 1361 2058 obviet
1384 1985 1730 2056 ‹menoece-

179 2095 290 2178 petiet
314 2095 351 2157 1.
373 2093 449 2158 ΚΑ.
468 2089 540 2158 ΚΒ.
558 2085 630 2158 ΚΓ.
651 2090 745 2170 ΚΔ,
771 2112 814 2156 ne
833 2091 925 2157 dubi·
981 2087 1169 2172 BAcTH„
1193 2093 1315 2158 nerine:
1347 2087 1607 2156 (l’ATCTINA.
1633 2088 1729 2156 celi.

179 2212 228 2276 ta,
260 2216 318 2261 eoa
344 2194 386 2259 ad
406 2192 580 2259 Aurelium
602 2189 709 2256 adhue
733 2193 924 2272 Caesarem,
982 2190 1076 2258 cett.
1091 2190 1363 2259 ΕΤΟΕΒ.ΘΤΓ.
1384 2194 1548 2258 Faustino
1565 2195 1729 2280 Augusto
1818 2185 1824 2194 ’

178 2317 246 2364 nou
260 2296 432 2362 Aurelium
444 2288 642 2378 Augustum
656 2293 837 2378 pertinere,
850 2315 925 2362 nem
983 2294 1138 2377 Augusti
1149 2297 1208 2359 Pii
1214 2295 1312 2380 filio,
1331 2312 1413 2377 quae
1431 2293 1653 2380 iuaoriptiouia
1667 2297 1724 2360 lex

178 2413 216 2462 ut
243 2419 340 2482 toute
367 2396 532 2474 dixeram,
560 2394 717 2459 Aurelius
741 2399 865 2461 Caesar
888 2398 925 2460 iu
981 2405 1075 2480 capta
1092 2407 1143 2460 eet
1159 2414 1202 2461 ex
1218 2394 1325 2460 uomit
1340 2394 1506 2464 numanis.

179 2501 286 2562 numia
321 2499 387 2564 tuit
423 2498 562 2584 aiguuvit
592 2518 695 2561 uunou
722 2497 794 2576 Pii,
832 2497 949 2582 eujue⁴
1285 2571 1289 2581 Ι
1343 2557 1382 2599 ι,

177 2613 365 2685 poetremua
397 2600 460 2664 suit
490 2617 591 2664 annot
621 2595 694 2664 ΚΔ.
739 2597 924 2662 Liberalior
1239 2607 1276 2650 ο·
1448 2608 1468 2648 a

176 2703 354 2788 Arigoniue
369 2700 507 2766 Aurelio
530 2712 645 2764 uoatro
668 2698 783 2763 tribuit
806 2717 923 2786 numoa
1045 2699 1158 2762 Anuoe
1179 2697 1338 2764 babemus
1358 2698 1436 2764 iude
1458 2722 1475 2764 e
1498 2701 1537 2766 L.
1551 2697 1591 2768 Β.
1622 2723 1725 2786 neque

175 2825 251 2868 oum
267 2803 359 2868 annia
375 2801 451 2868 KZ.
470 2798 547 2864 ΚΘ.
564 2799 613 2866 Λ.
630 2795 706 2868 ΛΒ.
726 2801 847 2866 Facile
866 2799 924 2866 de·
978 2801 1019 2866 L.
1040 2799 1111 2866 ΚΒ.
1140 2819 1213 2865 eum
1243 2801 1392 2864 omnibua
1420 2799 1492 2864 iere
1521 2801 1648 2868 mediia.
1690 2806 1727 2866 Si

176 2903 279 2981 dero,
304 2923 407 2966 uuuoa
422 2901 484 2967 boe
500 2904 564 2966 rite
580 2901 705 2978 lectos,
728 2914 762 2966 at
776 2923 843 2968 nou
856 2902 921 2967 rite
979 2901 1033 2964 eni
1062 2901 1182 2964 mirum
1216 2900 1399 2979 videbitur,
1438 2924 1501 2988 qun
1532 2903 1659 2976 ratione
1691 2907 1726 2967 in

175 3007 294 3070 ieetam
331 3003 535 3094 epigraphen
571 3000 718 3080 anticio,
759 3022 861 3088 quam·
893 3005 922 3072 ai
978 3002 1189 3086 ejuuuumia
1226 3002 1342 3066 haberi
1371 3004 1475 3087 poaait
1506 3027 1616 3068 ennaa·
1637 3003 1725 3084 ΚΒ..

174 3107 248 3191 quia
278 3103 370 3170 volet
396 3105 432 3166 iu
462 3123 599 3168 examau
627 3123 804 3182 revocure,
843 3123 921 3170 mox
977 3102 1106 3187 quando
1122 3103 1374 3168 meritidurelii
1392 3119 1577 3188 postremua
1592 3106 1654 3172 fuit
1671 3129 1725 3170 en·

173 3205 422 3292 deprehendet,
450 3225 523 3268 eaeo
549 3205 740 3283 Commodi,
768 3223 835 3270 nou
854 3207 921 3268 Au·
977 3224 1039 3266 uua
1060 3203 1108 3281 K,
1138 3223 1176 3268 au
1197 3203 1300 3268 multo
1321 3205 1444 3288 magia,
1469 3206 1562 3292 qnod
1582 3221 1721 3286 eonatet,

171 3309 268 3386 relii,
304 3307 395 3373 facili
430 3319 587 3392 peceato,
622 3328 699 3372 nam
731 3326 806 3373 eum
836 3306 921 3370 iutra
978 3327 1051 3373 eam
1086 3306 1308 3393 quinquennio
1343 3317 1418 3372 unte
1453 3309 1620 3372 maritum-
1638 3330 1723 3373 mor·

169 3409 295 3494 primoa
322 3405 502 3473 Commodi·
521 3408 711 3495 imperantis
740 3427 841 3474 annos
867 3431 921 3476 ve·
977 3409 1128 3486 tuum,.ia
1145 3407 1246 3475 velim
1264 3406 1444 3492 intelligat,
1465 3429 1532 3472 nou
1549 3410 1649 3474 modo
1666 3415 1725 3476 im·

171 3513 273 3576 luerit
297 3510 494 3596 epigraphe:
527 3508 581 3578 M.
601 3505 918 3574 ATPMOMM.
970 3517 1113 3598 'perante
1135 3509 1269 3587 marito,
1298 3508 1364 3574 aed'
1384 3523 1419 3574 et
1444 3512 1621 3596 patrel’io
1642 3514 1724 3576 Fau·

169 3609 474 3678 ΑΝΤωΝΙΝΟΟ.
498 3610 591 3698 ,06η
628 3610 657 3676 ai
685 3609 792 3691 sorte,
830 3608 918 3694 quod
942 3625 944 3632 ’
975 3615 1078 3680 etinae
1098 3613 1232 3678 nomine
1253 3611 1288 3674 in
1305 3611 1457 3698 Aegypto
1478 3633 1595 3704 numos
1619 3615 1724 3697 signa·

169 3734 268 3800 auepe
285 3713 421 3793 fectum,
449 3735 485 3776 το
502 3711 664 3779 ΚΟΜΜ.
685 3713 801 3780 vitium
820 3712 917 3792 feeit,
974 3729 1038 3782 too.
1076 3715 1170 3799 Ergo
1191 3733 1266 3778 eum
1286 3714 1439 3780 Faustina
1466 3714 1554 3780 diem
1582 3716 1724 3782 obiverit

171 3837 246 3888 oum
282 3815 412 3900 reliqua
449 3815 583 3880 uomina
612 3835 716 3901 aeque
742 3813 786 3880 ad
813 3817 919 3880 Aure·
974 3819 1018 3888 V.
1040 3817 1077 3883 C.
1105 3817 1199 3899 qut„
1231 3816 1285 3882 oui
1313 3816 1516 3900 respondent
1542 3817 1723 3883 seeundum
1795 3887 1799 3894 ,

169 3919 250 3980 lium
267 3919 473 4002 pertineant,
497 3916 594 3981 facile
616 3917 780 3982 iueautior
800 3916 916 4002 aliquia
971 3917 1213 3982 Alexandrinoa
1229 3918 1305 3981 anui
1319 3917 1450 3982 Aurelii
1462 3917 1518 3986 le,
1534 3931 1569 3983 et
1583 3921 1649 3998 Is„
1674 3922 1723 3982 iu-

168 4021 307 4084 Aurelio
334 4019 458 4085 tribuet
482 4038 633 4099 numum,
663 4019 720 4104 qui
747 4029 798 4083 eat
822 4017 917 4085 Com·
974 4019 1171 4098 dubitatum,
1191 4036 1309 4085 numoa
1323 4019 1496 4086 Feuatiuae
1515 4042 1631 4088 omuee
1646 4045 1722 4089 eum

169 4119 269 4184 modi.
973 4121 1162 4208 posteriore
1184 4123 1335 4207 quopiam
1357 4142 1441 4189 anuo
1461 4143 1526 4207 per
1545 4124 1598 4188 Pii
1620 4127 1722 4210 impe-

232 4220 380 4288 Adverte
397 4223 510 4302 etiem,
529 4239 647 4286 numoa
661 4220 791 4287 Aurelii
806 4222 916 4307 Augo-
972 4228 1060 4290 rium
1081 4244 1188 4290 euaoa.
1225 4226 1390 4308 ignoravit
1409 4223 1496 4289 istud
1516 4226 1721 4305 Haeduinue,

170 4323 211 4384 ati
239 4342 314 4386 cum
337 4325 429 4392 annin
455 4323 716 4408 prioribualeaae
736 4322 916 4408 parabiiea,
940 4373 960 4390 ,
975 4326 1104 4412 quondo
1131 4327 1270 4391 recitato
1298 4325 1445 4407 ejuadem
1466 4326 1641 4404 Faustinae
1663 4353 1721 4394 nu·

169 4446 244 4488 eum
260 4423 352 4488 annia
371 4426 611 4508 posterioribus
626 4445 700 4490 eaee
716 4425 915 4503 rariaaimoe‚
974 4451 1028 4493 mo
1050 4449 1124 4494 eum
1145 4429 1186 4494 L.
1201 4425 1260 4490 ΙΘ.
1283 4430 1365 4492 haee
1392 4428 1547 4494 contiuuo
1574 4432 1720 4514 subjicit:

168 4528 370 4612 aliquorum,
398 4525 452 4590 ut:
481 4527 521 4592 L.
538 4527 597 4590 ΙΑ.
620 4524 677 4592 ΙΔ.
699 4523 760 4588 IH.
781 4525 823 4590 Κ.
845 4527 917 4592 nui·
973 4532 1012 4595 tt
1027 4535 1121 4596 numi
1135 4529 1279 4616 subules
1297 4529 1485 4614 Capitolini
1504 4532 1662 4616 :offellum
1681 4535 1721 4596 dc

170 4631 220 4692 toa
250 4626 377 4694 heberi.
420 4630 646 4706 Ponti-omum,
680 4648 821 4716 eumque
845 4630 916 4696 uni·
974 4645 1079 4700 morte
1100 4633 1298 4712 Faustinae,
1326 4633 1402 4708 ubi,
1432 4645 1512 4712 quot
1528 4621 1646 4712 verbo,
1670 4647 1721 4701 tot

1397 4729 1467 4800 liu
