4444 5558
373 642 376 650 .
496 566 543 636 aa
951 547 1104 624 ttvut
1141 517 1577 620 n'nnxattnumr.

493 731 647 813 erotema
667 716 802 781 Graecia
820 717 866 781 ric
888 716 1007 780 sactum
1023 714 1234 800 Sigalionem,
1291 713 1366 778 cuia
1384 714 1564 780 confusum
1591 712 1707 780 rideri.
1748 713 1942 799 Aequieacat
1963 715 2037 786 hia,

492 834 528 882 ut
549 820 627 882 olim
649 817 837 882 Gnathaena
861 818 1018 880 meretrix
1041 807 1174 900 Sigeum
1199 817 1234 878 in
1291 818 1348 900 qui
1368 817 1468 880 volet.

491 922 698 1004 Helerponto
715 921 811 982 eitum
828 939 890 1002 per
906 919 1008 980 aolaua
1026 918 1119 996 hnjua
1132 917 1235 980 nomi·
1355 915 1461 1010 Quem
1481 915 1580 979 modo
1600 916 1720 993 ritum,
1745 915 1964 1002 feminamque
1989 919 2039 980 ri·

491 1021 541 1084 nir
563 1041 691 1084 coucam
712 1019 792 1082 fecit
819 1019 934 1081 urbem
955 1018 1076 1080 silentii
1092 1026 1137 1098 ⁸),
1171 1022 1235 1079 Te·
1291 1017 1395 1081 dimna
1417 1019 1673 1101 Harpocratem,
1700 1017 1792 1080 numi
1815 1007 1965 1084 extremo
1988 1021 2040 1083 io·

491 1136 548 1185 net
568 1143 664 1186 mann
680 1119 847 1201 flagellum
867 1119 1021 1201 exemplo
1042 1119 1140 1202 patria
1159 1118 1233 1182 Oai·
1288 1139 1329 1182 co
1350 1119 1447 1201 poaiti
1469 1133 1561 1201 parte
1587 1118 1771 1195 bominem,
1799 1117 1894 1202 parte
1922 1139 2036 1183 croco·

488 1221 583 1288 ridia.
628 1221 696 1284 Sed
730 1219 809 1282 nolo
845 1219 1000 1302 peraequi
1028 1220 1233 1301 anmptbqu·
1288 1220 1390 1284 ditum
1418 1233 1597 1301 praestant,
1628 1219 1781 1290 nimirum
1810 1234 1846 1282 ut
1873 1219 2038 1284 baberent

490 1325 540 1408 gir
568 1322 696 1386 abunde
729 1321 882 1385 discussa.
934 1319 1020 1389 vida
1050 1321 1233 1403 Harpocra·
1288 1320 1386 1382 ctiam
1402 1320 1573 1403 Aegyptii,
1605 1319 1694 1404 quod
1722 1321 1923 1384 Graecorum
1953 1321 2038 1406 Hip·

488 1439 558 1489 tem
593 1423 740 1506 Copori,
774 1419 936 1505 Aegyptia
975 1422 1067 1486 Com.
1105 1418 1232 1500 Caylua,
1288 1420 1496 1503 pocentauria
1531 1435 1746 1516 opponerent.
1789 1422 1870 1503 Ejus
1903 1443 2035 1510 quoque

490 1524 727 1601 iablonskium,
749 1536 783 1586 et
797 1524 931 1588 Piertea
947 1518 1082 1606 gravier
1098 1519 1143 1583 du
1159 1521 1232 1582 Duc
1290 1521 1486 1610 explicatum
1502 1523 1653 1607 relinquo
1669 1522 1726 1602 iia,
1747 1524 1802 1610 qui
1821 1523 1914 1590 Inidia
1933 1525 2035 1588 aacria

489 1626 595 1692 d'orl.
619 1629 657 1687 Τ.
677 1628 702 1688 t.
726 1645 757 1707 p.
775 1647 806 1704 7.
1289 1623 1405 1686 initiati
1426 1635 1511 1688 aunt.

551 1729 673 1812 Figura
703 1709 818 1787 atolata
847 1725 989 1791 atauo-d.
1018 1723 1070 1787 ori
1087 1721 1230 1800 admota,
1500 1800 1502 1808 Ι

488 1853 514 1894 a.
538 1825 683 1894 claram'
713 1825 799 1892 Vide
830 1847 947 1891 numos
982 1845 1079 1907 anpra
1111 1825 1233 1888 deacri-
1312 1845 1318 1856 ·
1554 1857 1759 1926 AMMON·
1854 1893 1858 1900 ,

486 1944 570 2015 ptot.
614 1928 762 1990 Similem
794 1941 904 2012 typum
936 1925 1065 1988 ortandi
1087 1923 1165 1987 oiim
1189 1942 1230 1985 ex

485 2053 587 2094 numo
607 2029 765 2094 Hadriani
787 2027 831 2110 ι)).
873 2025 1097 2088 Dextera-ori
1121 2023 1230 2086 admo·
1352 2027 1459 2110 Caput
1472 2028 1652 2090 Ammonis
1671 2048 1744 2090 cum
1764 2048 1866 2092 cornu
1887 2031 2030 2120 urietirrp

485 2146 518 2196 ta
547 2131 759 2215 Harpocratia
795 2125 1012 2209 nequidem
1042 2123 1140 2188 facila
1177 2124 1231 2187 ad-
1287 2132 1479 2193 imminente
1525 2131 1630 2212 copiti
1677 2131 1789 2209 globo.
1834 2131 2028 2194 Domitiani.

485 2234 639 2308 monuit,
677 2225 794 2296 rarum
817 2228 898 2311 quid
928 2225 969 2288 ad
988 2227 1231 2310 Harpocratem
1287 2229 1447 2312 (Stoacb.)
1523 2255 1526 2262 ¹

486 2335 598 2396 rtota?
629 2330 705 2414 quiri
736 2329 856 2399 dara?
900 2327 1103 2398 Necessitate
1128 2325 1228 2409 igitur
1351 2331 1458 2412 Caput
1484 2349 1621 2412 prorsus
1648 2329 1779 2406 simile,
1818 2331 1909 2414 infru
1944 2337 2033 2412 pund

487 2433 675 2516 compuiaua
695 2428 913 2514 circumspexi
930 2429 1104 2492 mulierem
1123 2429 1227 2505 deam,
1284 2434 1372 2493 aries
1401 2431 1520 2492 monili
1546 2442 1700 2507 ornatus,
1731 2445 1809 2494 unte
1835 2453 1929 2512 quem
1956 2454 2029 2498 aru.

479 2555 572 2622 quae
590 2547 653 2599 ·et.
669 2531 834 2600 silentium
863 2543 967 2606 amet,
1000 2543 1034 2592 et
1050 2551 1137 2592 mum
1165 2551 1228 2613 qua
1283 2529 1456 2606 Antonini,
1477 2529 1691 2614 aliorumque.

410 2629 413 2636 ’
485 2636 639 2719 componi
677 2633 768 2698 clava
804 2632 928 2715 poerit,
958 2632 1127 2713 risumque
1166 2643 1227 2706 eat,
1345 2629 1505 2714 Libycum
1522 2629 1796 2708 bocnumen‚·et
1820 2633 1907 2696 inter
1930 2635 2029 2716 majo-

479 2737 637 2802 exhiberi
685 2737 919 2819 Angerouam,
969 2751 1119 2814 maguum
1162 2733 1230 2793 Ro·
1283 2752 1339 2796 rea
1360 2729 1604 2816 Aegyptideoa
1625 2745 1795 2814 receptum
1814 2732 1945 2798 abunde
1973 2755 2027 2800 co·

484 2859 579 2914 mac,
611 2851 648 2902 et
668 2855 783 2900 arcana
813 2833 975 2918 religione
1004 2831 1227 2896 venerandum
1284 2833 1419 2918 gnitum.
1448 2832 1585 2895 Ponitur
1614 2833 1698 2896 infra
1716 2833 1797 2917 «ejua
1825 2849 1921 2920 caput
1942 2836 2028 2900 urica

375 3014 382 3030 υ
483 2960 615 3004 numen.
665 2937 787 3001 citatus
818 2955 938 3018 cupra,
972 2946 1010 3002 et
1035 2933 1225 3016 nuperrime
1284 2933 1535 3006 commonefacit
1561 2934 1650 3016 ejm,
1683 2934 1771 3018 quod
1797 2934 1903 3000 refert
1926 2938 2029 3022 Hygi·

482 3043 633 3126 erigatur
653 3058 770 3102 numus
786 3035 956 3119 adscripto
975 3031 1226 3100 Altttwtffa-
1283 3057 1345 3100 uua
1369 3037 1419 3119 d)=
1455 3037 1637 3114 Bacchum,
1667 3057 1740 3098 cum
1762 3035 1897 3120 Libyam
1925 3060 2027 3123 oppu-

484 3142 586 3210 THC.
611 3156 737 3208 certum
756 3137 852 3203 nobie
869 3137 932 3202 boc
949 3149 1026 3221 typo
1042 3137 1224 3220 Harpocra·
1280 3153 1414 3222 gnaret,
1437 3139 1547 3202 arietis
1573 3138 1664 3200 ducis
1684 3137 1847 3203 beneficio
1870 3153 2025 3225 puteum,

481 3259 548 3308 tam
592 3257 744 3332 praestat.
804 3241 1024 3324 Harpocraten
1065 3238 1224 3322 androgy·
1276 3259 1354 3304 ,cum
1376 3241 1445 3304 titia
1467 3253 1618 3324 urgeret,
1639 3244 1934 3305 ¹courmonatrantia
1960 3244 2026 3306 exi-

479 3369 562 3424 nuo,
592 3361 659 3410 tum
687 3345 806 3409 tributa
827 3342 918 3404 clava
938 3341 988 3404 illi
1009 3341 1095 3418 deo,
1125 3360 1223 3424 quem
1279 3342 1359 3405 tium
1374 3363 1449 3406 cum
1464 3331 1615 3406 exercitu
1631 3342 1791 3418 evasisse,
1814 3363 1851 3406 ac
1873 3358 2024 3428 propter-

480 3447 655 3529 imaginem
688 3443 847 3528 quantiam
875 3442 975 3506 suinae
1002 3440 1157 3504 infantiae
1179 3453 1224 3504 -et
1277 3463 1320 3508 ea
1357 3463 1398 3508 eo
1433 3443 1501 3507 loci
1536 3442 1623 3508 loric
1658 3444 1828 3508 Ammonia
1862 3446 2023 3529 templum

481 3547 676 3611 infirmitatis
713 3558 846 3608 veteres
882 3541 1032 3605 nonnulli
1065 3539 1222 3616 docuere,
1276 3543 1366 3608 facto
1393 3563 1468 3606 cum
1495 3544 1649 3608 cornibus
1674 3544 1820 3610 arietini·
1847 3544 2022 3612 aimulacro

435 3713 442 3724 ‚
471 3667 523 3713 eu
551 3666 672 3712 uorum
700 3643 892 3726 aucupium,
924 3639 978 3704 aui
1005 3639 1146 3706 animum
1169 3661 1223 3704 cu·
1279 3645 1498 3712 conutituiaae.
1549 3645 1674 3710 Globua
1712 3647 1813 3731 capiti
1849 3647 2022 3711 imminena

478 3767 597 3830 ratque
630 3741 810 3806 intendant
834 3741 879 3818 ii,
910 3742 978 3825 ‚qui
1012 3741 1222 3806 enucleandia
1276 3748 1471 3826 Ammonem
1494 3747 1600 3811 aciem
1621 3748 1827 3832 comprobat,
1854 3770 1927 3813 nam
1950 3751 2022 3830 eju·
2115 3737 2120 3746 ’

478 3847 716 3933 Aegyptiarum
735 3843 897 3928 mynteriir
913 3840 1128 3910 delectantur.
1150 3847 1222 3910 fla·
1274 3847 1395 3914 nidoris
1417 3851 1593 3935 potentiam
1619 3849 1756 3934 perinde
1782 3871 1819 3914 ac
1840 3853 2023 3936 Harpocra-

462 3963 594 4043 ¹ctenua
633 3947 796 4012 fortunam
840 3945 1014 4032 propitiam
1057 3965 1126 4010 nou
1165 3948 1221 4012 ha·
1276 3964 1327 4015 tea
1365 3973 1407 4016 ex
1443 3953 1680 4037 Aegyptiorum
1720 3951 1869 4018 doctrina
1910 3967 2021 4018 nactur

477 4053 591 4115 baare.
634 4051 716 4112 Nam
732 4059 870 4112 tentatur
883 4048 925 4112 cl.
942 4049 1053 4134 Zobga
1068 4054 1119 4132 e),
1136 4049 1219 4114 nihil
1268 4066 1338 4120 eat.

477 4175 513 4218 aa
540 4152 703 4218 inveniare
729 4149 815 4234 apud
837 4161 993 4230 veterat,
1021 4172 1087 4237 quo
1108 4151 1218 4218 ctam

477 4275 606 4322 cautam
631 4252 829 4337 explicarem
855 4250 992 4334 conjicit
1014 4267 1143 4334 tamen,
1164 4253 1220 4319 at-
1581 4297 1702 4362 wls

477 4357 548 4421 iudi
577 4356 618 4420 ad
638 4353 799 4422 arcendos
823 4377 842 4419 a
862 4355 1024 4440 mysterii·
1051 4357 1217 4442 prufanoa,
1705 4345 1713 4363 ’

476 4473 545 4522 tum
571 4461 810 4546 Harpocratem
833 4479 851 4522 a
877 4457 1113 4523 Graecianum
1132 4463 1217 4524 Har·
1327 4463 1441 4548 'Hujus
1471 4464 1525 4528 rici
1553 4463 1834 4558 humatorum,
1865 4465 2018 4552 inaignia,

513 4686 545 4753 a)
564 4681 769 4744 AciianV.ii.
787 4639 1001 4752 L.Xili.c.l13.
1080 4689 1119 4758 b)
1139 4684 1260 4762 Sylloge
1271 4687 1294 4748 Ι.
1309 4705 1339 4765 p.
1350 4699 1395 4752 το.
1476 4691 1508 4762 r)
1527 4701 1666 4768 pag.t93.
1746 4689 2016 4762 dJArtrou.1..11.

464 4785 555 4836 mtt-
