4446 5570
544 586 621 664 ltdd

542 745 667 810 teribus
684 744 808 808 incolis
825 743 1034 805 monentibus
1048 741 1103 818 jus
1120 743 1212 804 dedit
1225 742 1290 802 Ln-

457 897 484 918 ,.
543 852 587 912 tii
608 859 670 910 etc.
705 845 795 910 Alibi
818 843 896 908 ueni
917 841 1026 906 coloni
1051 840 1218 906 veteribus
1242 843 1291 904 iu·

542 949 670 1032 digeris
690 948 826 1023 sociati,
851 959 891 1010 uu
909 945 1072 1028 Emporiis
1097 945 1290 1028 Hispaniae,

543 1064 581 1116 nt
597 1049 766 1116 ‹dictumin
784 1049 854 1131 ejus
871 1047 963 1112 urbis
978 1047 1102 1125 nornis,
1123 1049 1177 1113 rei
1193 1047 1291 1130 Agni-

544 1154 636 1238 genti
673 1163 759 1216 teste
795 1150 958 1214 Cicerone
981 1152 1032 1231 ¹),
1073 1148 1222 1212 Carteiae
1244 1145 1288 1227 b).

544 1245 633 1344 Qirin
664 1253 791 1316 tremunt
818 1251 932 1326 etiem,
969 1264 1008 1314 nt·
1035 1250 1164 1314 colonie
1193 1272 1289 1336 quee-

545 1359 633 1438 pium
660 1355 776 1438 purtim
808 1353 982 1424 militibus,
1012 1353 1128 1436 pertint
1158 1374 1290 1418 corrosa

543 1455 941 1526 mnititndinecenstnret.
959 1456 1014 1518 sis
1025 1457 1289 1519 Pares-Achaiae

542 1559 773 1642 transcriptum
788 1557 829 1622 eb
841 1559 988 1644 Augusto
1004 1557 1292 1633 militein,.doeent

542 1663 634 1728 nunti
652 1675 687 1728 et
705 1659 824 1724 Streiro
844 1661 885 1740 0).
916 1661 1095 1724 Prsetereu
1110 1661 1150 1724 eb
1170 1659 1291 1724 eodem

543 1763 693 1848 principe
709 1763 891 1827 vicinorum
905 1762 1101 1847 oppidanum
1116 1763 1240 1827 incolet
1256 1762 1290 1824 in

544 1865 681 1930 eande‘m
700 1865 861 1929 coloniam
878 1866 1020 1950 migrare
1041 1867 1164 1946 jussos,
1192 1863 1292 1929 docet

542 1969 715 2032 Pausanias
738 1967 783 2050 d).
812 1968 865 2029 Ex
887 1980 1001 2033 vetere
1024 1967 1098 2050 jure
1120 1967 1212 2030 nefus
1236 1965 1291 2030 hu·

407 2137 412 2146 ,
543 2071 664 2150 bitum,
691 2069 774 2134 siin
801 2091 896 2154 qnam
922 2069 1038 2132 urbem
1061 2069 1124 2152 jam
1150 2067 1290 2133 deductu

541 2173 603 2235 init
620 2174 767 2249 colonie,
786 2193 828 2234 eo
846 2170 1012 2234 deducere
1029 2169 1134 2234 ulium.
1154 2170 1289 2234 Diserte

543 2261 734 2340 istud‘vetnt
751 2274 889 2348 Cicero,
907 2274 1055 2336 invectus
1074 2273 1109 2332 in
1125 2273 1172 2332 ti.
1188 2272 1290 2334 Anto·

543 2377 652 2452 nium,
674 2375 730 2460 qni
747 2375 924 2438 Casilinum
943 2371 1109 2436 deducere
1127 2372 1288 2437 coloniens

542 2477 667 2562 perurit
688 2477 729 2558 ⁸).
758 2474 904 2558 Negavi,
921 2474 1043 2559 inquit,
1059 2481 1097 2538 irs
1114 2495 1186 2537 eum
1204 2475 1290 2537 colo-

543 2583 653 2653 niam,
668 2623 676 2644 ,
689 2596 774 2658 quoe
806 2586 893 2639 essct
924 2579 1096 2659 auspicato
1129 2577 1289 2652 deducta,

544 2685 730 2746 decresset
755 2677 948 2753 incolumis,
978 2679 1144 2742 colonium
1170 2697 1290 2742 nouom

540 2783 613 2860 jure
631 2781 760 2856 deduci,
773 2779 908 2841 colonos
923 2798 1025 2841 nouos
1041 2779 1185 2841 adscribi
1194 2797 1290 2858 posse

543 2883 706 2966 rescripsi.
746 2881 792 2943 Tu
818 2891 929 2942 cutem
956 2879 1137 2942 insolentie
1165 2879 1291 2954 elutus,

544 2989 636 3049 omni
662 2985 884 3065 auspiciorum
903 2981 981 3059 jure
1007 2982 1140 3042 turbato
1170 2979 1291 3042 Casili·

545 3109 623 3152 num
639 3087 805 3149 colonium
823 3085 1010 3156 deduxisti,
1038 3101 1101 3158 otto
1121 3095 1193 3144 erut
1208 3103 1291 3163 pno-

543 3196 593 3252 cis
608 3191 705 3250 annis
718 3201 795 3246 onte
808 3183 973 3274 deducto..
988 3183 1114 3250 Verum
1132 3181 1290 3268 quidquid

545 3290 631 3357 istud
654 3288 733 3370 juris
754 3285 833 3362 snit,
862 3285 968 3348 serius
989 3285 1187 3369 antiquatum
1209 3283 1289 3360 tuin

544 3415 617 3457 narn
639 3388 811 3464 Puteolos,
833 3387 889 3473 qui
906 3401 989 3450 teste
1008 3387 1104 3451 Livio
1119 3388 1183 3471 jum
1203 3409 1289 3452 enno

544 3496 640 3564 Vre.
658 3495 731 3558 500.
756 3489 883 3554 colonia
902 3489 1018 3566 inere,
1043 3489 1208 3572 Augustus
1230 3489 1291 3552 ite·

545 3621 617 3664 rum
641 3594 776 3660 deduxit
795 3592 978 3668 colonium,
1002 3591 1122 3653 iterum
1140 3588 1289 3672 Neres).

544 3705 679 3766 Centum
704 3694 795 3759 dedit
817 3693 966 3777 Hyginus
989 3711 1143 3756 sermone
1163 3689 1205 3755 de
1226 3691 1293 3754 An·

546 3814 641 3888 gusto
656 3799 749 3862 illuto
769 3800 819 3878 8)t
842 3795 1041 3868 Exercitus,
1058 3797 1117 3874 qui
1135 3795 1197 3856 rub
1217 3793 1292 3856 An·

546 3906 638 3968 tortio
664 3912 725 3961 out
745 3898 868 3980 Lepido
893 3896 1137 3972 militauerant,
1161 3897 1292 3977 puriter

535 4017 578 4068 *et
596 4021 732 4066 suorum
753 3995 932 4081 legionum'
944 3995 1072 4062 milites
1088 3995 1222 4060 colonos
1235 3995 1291 4078 se-

545 4111 608 4182 cit,
637 4104 726 4166 clius
739 4104 776 4164 in
791 4096 915 4174 Italic,
937 4097 1027 4159 elios
1045 4097 1082 4159 in
1095 4099 1293 4178 provinciis,

540 4205 740 4290 quibusdum
769 4199 888 4265 deletis
918 4195 1066 4260 hostiurn
1094 4198 1291 4261 ciuitatibus

545 4417 637 4484 ribus
646 4411 775 4494 oppidis
782 4403 933 4480 deducit,
948 4413 982 4464 et
997 4401 1131 4466 colonos
1142 4403 1292 4464 nomina·

1146 569 1353 647 CAPVT'
1379 569 1501 642 xxnt

1347 742 1406 802 vit.
1433 740 1520 804 Illos
1537 759 1665 821 queque
1682 741 1799 816 urbes,
1824 761 1908 822 quoe
1932 743 2094 808 deductor

1349 863 1370 903 a
1386 843 1518 922 regibus
1532 853 1593 904 cut
1606 843 1827 906 dictatoribus
1831 847 1995 929 filerunt,
2013 864 2096 924 quos

1347 943 1507 1006 bellorum
1531 943 1680 1006 ciuilium
1703 949 1913 1010 interoentuu
1931 947 2096 1011 exhause-

1345 1057 1416 1120 rut,
1440 1047 1520 1108 doto
1542 1049 1667 1114 iterun
1683 1049 1838 1110 coloniae
1854 1051 2005 1128 nomine,
2038 1071 2091 1112 nu·

1346 1165 1433 1208 mero
1449 1148 1571 1212 civium
1586 1150 1776 1229 nmpb'ooir,
1796 1152 1960 1228 praedm
1970 1150 2106 1236 refici·

1346 1249 1415 1310 bus.
1440 1246 1537 1344 Quod
1547 1249 1677 1333 quidem
1693 1251 1913 1315 testimonium
1923 1254 2093 1316 rerieeno·

1345 1349 1395 1410 bis
1416 1361 1527 1413 cenius
1547 1351 1749 1435 suppeditet,
1775 1369 1911 1436 propter
1929 1376 2010 1439 ques
2030 1358 2094 1418 coi·

1346 1453 1435 1535 iupse
1461 1473 1532 1536 rep.
1560 1453 1719 1518 deductae
1743 1455 1838 1519 inere
1861 1456 2023 1521 colonise.
2055 1461 2092 1520 At

1347 1569 1502 1637 qnantum
1521 1555 1700 1633 interires,
1727 1570 1762 1621 et
1787 1578 1869 1642 quoe
1892 1573 1998 1622 utente
2023 1581 2089 1642 rep.

1346 1657 1485 1720 emisere
1499 1657 1641 1736 inerunt,
1658 1658 1851 1722 discrimen!
1871 1661 2006 1746 Operae
2023 1683 2093 1746 pre·

1345 1759 1443 1836 tium,
1487 1761 1685 1844 gratissimis
1723 1761 1810 1826 istud
1843 1763 1951 1828 Taciti
1985 1763 2091 1828 verbis

1346 1880 1625 1940 commemorare,
1662 1863 1705 1928 de
1734 1865 1875 1930 Neronis
1905 1864 2013 1930 uetrte
2047 1867 2091 1930 lo·

1346 1965 1475 2048 quentis
1490 1962 1542 2046 ιι)ε
1574 1964 1650 2030 Non
1665 1970 1770 2045 enim,
1794 1981 1832 2032 ut
1851 1970 1949 2046 olim,
1966 1975 2090 2032 uniuer-

1345 2085 1403 2130 soc
1419 2069 1567 2148 legiones
1580 2068 1841 2146 deducebantur,
1859 2089 1933 2132 curn
1953 2069 2090 2134 tribunis

1345 2179 1379 2229 et
1394 2171 1657 2247 centurionibus,
1678 2185 1712 2232 ct
1728 2175 1784 2233 soi
1797 2171 1955 2252 cujusque
1969 2173 2090 2234 ordinis

1345 2269 1528 2346 militibus,
1551 2282 1590 2331 ut
1605 2293 1764 2335 consensu
1781 2285 1816 2335 et
1833 2277 1981 2336 caritate
1996 2295 2088 2354 remp.

1345 2369 1530 2456 efficerent,
1557 2373 1616 2434 scd
1638 2375 1749 2458 ignoti
1766 2377 1856 2438 inter
1876 2395 1928 2452 sc,
1956 2373 2090 2438 diuersis

1347 2472 1546 2551 manipulis,
1581 2475 1654 2537 sine
1678 2487 1824 2550 rectore,
1854 2477 1927 2538 sine
1957 2477 2087 2558 afficti·

1345 2574 1409 2636 bus
1424 2575 1570 2650 motuis,
1596 2579 1695 2654 puosi
1717 2595 1762 2640 cn
1787 2577 1857 2640 olio
1873 2565 1995 2660 genere
2012 2597 2087 2639 mor·

1347 2675 1467 2737 talium
1490 2687 1622 2754 repente
1636 2680 1672 2738 in
1690 2697 1793 2740 unum
1810 2677 1962 2754 collecti,
1985 2699 2087 2742 nume·
2168 2673 2169 2700 *

1347 2797 1405 2838 rus
1418 2777 1541 2857 magis,
1564 2794 1661 2852 quum
1678 2777 1822 2841 colonio.

1410 2877 1483 2949 Non
1506 2875 1621 2939 eedem
1642 2875 1705 2940 fuit
1725 2877 1929 2950 coloniorum
1949 2882 2083 2945 omniun

1347 2975 1503 3041 conditio.
1552 2977 1646 3040 Aliso
1684 2980 1771 3044 euim
1808 2979 1905 3047 inere
1944 2984 2086 3047 coioniae

1348 3079 1466 3143 civium
1496 3081 1556 3156 1t.,
1592 3079 1665 3142 eliis
1694 3081 1865 3160 Latinum,
1902 3083 1978 3148 eliis
2011 3086 2087 3146 ltali-

1348 3201 1421 3244 cunt
1444 3184 1494 3262 joe
1515 3180 1693 3259 indultum,
1717 3187 1759 3248 'ex
1782 3184 1918 3249 arbitrio
1940 3185 2085 3248 nimirum

1346 3297 1496 3358 senetur,
1527 3283 1723 3368 populique,
1755 3283 1876 3351 deinde
1905 3287 2085 3352 Caesarum.

1346 3386 1389 3447 At
1418 3384 1503 3448 enim
1531 3386 1566 3446 in
1594 3406 1659 3470 quo
1685 3388 1868 3452 constiterit
1895 3391 1978 3454 nerii
2000 3391 2085 3472 hujus
2166 3445 2167 3464 ,

1346 3508 1459 3550 eurum
1488 3499 1588 3550 status
1616 3486 1809 3565 discrimen,
1842 3505 1963 3576 qusnto
1995 3493 2086 3576 utrjnt
2166 3469 2167 3490 Χ

1346 3589 1422 3652 huic
1453 3610 1531 3672 pree
1554 3589 1658 3652 nitere
1679 3593 1856 3656 occesserit
1877 3592 2085 3666 beneficium,

1348 3711 1431 3775 quse
1454 3690 1706 3775 uuiuscujusque
1727 3708 1859 3774 nutura,
1890 3717 1928 3760 eo
1949 3695 2086 3768 indoles,

1345 3812 1462 3875 mogus
1502 3793 1660 3856 hectenus
1702 3797 1912 3862 contentione
1954 3820 1974 3861 e
2017 3797 2086 3864 viris
2165 3821 2166 3859 t

1348 3893 1481 3956 enmrnis
1501 3907 1551 3955 cst
1569 3893 1775 3979 inquisitum,
1800 3898 1860 3961 sed
1883 3919 1924 3964 ee
1946 3899 2085 3968 fortune,

1347 4007 1383 4058 nt
1412 3993 1446 4054 in
1476 3995 1660 4078 praecipuis
1688 3999 1786 4062 etiem
1811 4001 1974 4088 capitibus
2002 3999 2085 4064 dissi·

1348 4093 1483 4171 decent,
1509 4107 1543 4159 et
1565 4095 1758 4180 explicatum
1779 4103 1878 4167 totius
1901 4118 2085 4204 contrprer·

1347 4197 1415 4260 siue
1436 4197 1595 4262 rationem
1619 4199 1651 4262 in
1672 4201 1761 4267 hunc
1782 4226 1886 4290 usque
1904 4205 1991 4270 diem
2011 4205 2084 4269 desi·

544 4332 647 4377 nonos
662 4309 758 4372 urbes
773 4301 967 4375 constituit,
983 4300 1140 4379 puosdonr
1156 4300 1193 4360 in
1208 4310 1292 4362 oete·
1340 4297 1512 4364 deremet.
1551 4301 1656 4392 Quum
1685 4322 1750 4390 epo
1776 4305 1868 4374 litem
1891 4329 2022 4396 possum
2045 4313 2084 4370 in·

1347 4415 1461 4466 tectum
1499 4401 1710 4488 relinquere,
1752 4428 1818 4471 non
1862 4409 1961 4474 uredo
2005 4407 2082 4496 quod

580 4639 963 4715 u)1nVerr.L.li,c.50·
1045 4637 1164 4711 b)Lir.
1184 4637 1408 4704 infinie&
1491 4645 1523 4714 c)
1543 4641 1666 4702 L.v111.
1680 4663 1756 4720 μοι.
1772 4656 1835 4720 594.
1927 4645 2081 4723 d)L.v11.

543 4745 624 4798 ott.
698 4735 729 4802 e)
748 4729 968 4792 enituere.
1039 4728 1073 4800 i)
1095 4727 1218 4788 Bretticr
1235 4726 1273 4785 rd
1289 4727 1359 4786 Tur.
1380 4729 1414 4788 T.
1427 4731 1462 4789 ii.
1480 4743 1583 4808 ΡΜ.
1660 4733 1692 4808 g)
1713 4732 1885 4796 delimitiit.
1958 4737 1995 4810 h)
2016 4741 2081 4798 Ars.

541 4821 666 4886 LXIV·
683 4831 727 4884 tt·
