4444 5558
961 572 1111 647 NVMI
1147 565 1579 641 ALEXANDRINL

624 747 628 758 ’
702 739 805 807 Il'emi
826 741 1033 826 uitrologiei.
1299 757 1373 799 cum
1402 749 1548 816 seeptro,
1574 756 1656 818 praa
1689 757 1753 815 quo
1785 741 2054 824 astrum,1'nfia

1299 833 1503 900 duoPiacea.
1546 836 1617 902 ΔΕ.
1629 837 1655 901 1.

565 947 597 1027 ι)
618 944 658 1005 L.
679 940 724 1010 ll.
750 945 858 1025 Caput
879 943 1053 1025 Sarapidis
1067 943 1176 1007 modio
1192 946 1248 1008 in·

497 1049 611 1126 signe,
624 1047 764 1123 quodie
776 1043 904 1107 circulo
918 1046 1077 1110 interiore
1091 1047 1242 1108 ambiunt
1367 1037 1420 1120 ιι)
1442 1038 1480 1098 L.
1502 1034 1545 1102 H.
1589 1038 1696 1120 caput
1714 1041 1856 1110 Veneria
1868 1063 1958 1124 prae
1980 1063 2050 1122 quo

408 1149 411 1156 '
500 1147 614 1223 eapite
636 1143 718 1207 VII.
741 1145 979 1225 planetarum,
1012 1147 1048 1208 ἰιι
1076 1149 1242 1212 exteriore
1298 1149 1444 1214 attium,
1465 1141 1557 1223 ’ΨΜ
1574 1141 1700 1205 Taum
1719 1158 1907 1224 comuste-'ss-
1935 1143 2047 1208 ffel·

498 1243 583 1308 XII.
600 1249 699 1326 rigna
718 1245 858 1308 zodiaci.
902 1243 970 1306 ΔΕ.
986 1245 1012 1310 1.

1355 1339 1478 1403 Omnes
1496 1341 1556 1406 it'oa
1572 1362 1688 1406 uumoa
1706 1342 1853 1425 ejusdem
1873 1363 2051 1430 argumen-

563 1448 599 1527 ι)
620 1447 659 1512 L.
681 1437 723 1509 Η.
764 1447 872 1528 Caput
898 1446 1033 1522 Lunae,
1064 1468 1147 1531 pree
1177 1467 1241 1528 quo
1297 1442 1341 1518 ti,
1364 1454 1399 1506 et
1421 1441 1540 1506 eodem
1560 1465 1643 1510 anno
1662 1444 1767 1508 editoe
1792 1467 1833 1508 ax
1851 1465 1967 1511 museo
1992 1467 2051 1512 ra·

498 1560 643 1627 astrum,
662 1550 754 1632 iufra
771 1547 906 1612 Gauoer.
951 1547 1022 1616 AE.
1036 1549 1062 1614 1.
1299 1550 1350 1634 gia
1373 1549 1552 1617 Galliarum
1582 1547 1652 1610 acri
1672 1546 1792 1613 iuoiaoa
1813 1547 1912 1627 atitit,
1940 1562 1974 1613 ct
1996 1550 2048 1612 in·

1298 1652 1383 1737 aigni
1413 1646 1641 1716 dissertatione
1671 1647 1845 1712 illustrarit
1874 1649 1926 1716 uir
1960 1652 2048 1716 moia

559 1750 597 1834 3)
612 1747 653 1816 [ι.
668 1745 713 1816 Η.
739 1752 845 1835 eaput
858 1743 945 1816 Solia
957 1753 1241 1831 radiatum,praa
1296 1750 1448 1817 laudibus
1482 1751 1586 1833 major
1613 1749 1868 1831 Barthalemyua
1892 1752 1932 1832 ¹).
1975 1753 2047 1818 Sed

495 1871 565 1937 quq
576 1863 723 1932 astrum,
744 1853 837 1935 iffae
849 1854 922 1918 Lao
939 1875 1083 1919 currens·
1113 1853 1182 1919 ΔΕ.
1192 1855 1217 1918 1.
1296 1854 1361 1938 jam
1379 1854 1482 1918 multo
1500 1865 1574 1915 autc
1596 1850 1742 1914 eruditus
1759 1847 1914 1914 Paneliua
1939 1853 1974 1914 in
1992 1875 2047 1918 ca·

1197 2033 1201 2046 .
1295 1957 1407 2040 talogo
1436 1953 1542 2018 musei
1563 1943 1606 2014 'le
1627 1953 1709 2014 Bret
1738 1950 1781 2013 ad
1801 1951 2044 2020 Alexandrinos

556 2053 594 2134 4)
615 2052 654 2118 L.
676 2049 720 2116 H.
746 2055 853 2137 Caput
869 2055 1029 2119 Mercurii
1047 2057 1239 2118 imminente
1293 2057 1390 2140 liujua
1411 2056 1487 2120 anui
1510 2072 1626 2118 numoa
1644 2051 1806 2128 advertit,
1834 2054 1866 2114 iu
1892 2055 1934 2118 iia
1951 2057 2043 2123 varia

490 2154 614 2236 globo,
638 2173 809 2235 praeque
837 2169 985 2232 citrum,
1016 2156 1108 2236 infre
1132 2157 1250 2241 Virgo*
1294 2159 1424 2222 zodiaci
1454 2159 1565 2240 cigna,
1596 2173 1678 2240 quac
1709 2167 1902 2233 enumerat,
1938 2159 2044 2222 conti·

494 2268 590 2318 stans
605 2255 639 2317 d.
659 2253 813 2332 hastam,
833 2277 859 2320 s.
878 2259 998 2339 spicas.
1041 2257 1112 2324 ΔΕ.
1128 2259 1153 2323 Ι.
1293 2261 1390 2341 neri,
1420 2259 1481 2323 aad
1517 2256 1625 2319 obiter
1653 2267 1777 2317 tantum
1799 2256 1904 2336 iatud,
1933 2279 2043 2345 neque

1294 2361 1379 2426 ultra
1406 2373 1603 2445 progreaaua
1635 2369 1686 2420 cat
1707 2354 1753 2438 b).
1795 2357 1924 2422 Horum
1953 2377 2043 2426 nnnc

555 2454 650 2538 6)L.
674 2447 719 2520 H.
757 2455 1045 2539 CaputVeueria,
1069 2480 1235 2542 praeque
1292 2475 1440 2526 naturam
1485 2471 1522 2522 ut
1562 2457 1744 2543 explicaret
1780 2457 2043 2546 Barthalemyua,

492 2569 641 2633 estruem,
670 2556 763 2638 intio
784 2560 878 2642 virgo
905 2561 1022 2624 volans
1048 2564 1079 2625 d.
1100 2562 1234 2629 Libram
1291 2585 1369 2628 naua
1399 2576 1449 2626 eat
1484 2580 1586 2644 opera
1623 2557 1697 2620 Iulii
1724 2557 1861 2624 Firmici
1887 2565 2042 2640 Materni,

493 2669 617 2729 terrens.
660 2655 730 2723 ΔΕ.
746 2659 772 2726 1.
1293 2665 1349 2751 qui
1384 2664 1566 2747 imperante
1600 2660 1810 2723 Constantino
1842 2664 2041 2748 astrologiae

1292 2777 1468 2852 praccepta
1517 2761 1697 2828 occandum
1728 2763 1965 2846 Aegyptiorum
2006 2779 2044 2828 et

469 2861 471 2872 '
554 2859 651 2946 o)1..
673 2855 717 2922 ll.
760 2863 1027 2943 caputmortis,
1059 2889 1139 2950 pree
1168 2889 1234 2949 quo
1293 2866 1536 2932 Chaldaeorum
1571 2864 1689 2949 placita
1718 2863 1860 2928 tradidit.
1903 2867 2041 2944 Eorum,

493 2975 641 3040 ostrum,
663 2965 757 3048 infla
778 2963 946 3050 Scor-uiua.
989 2970 1059 3035 ΔΕ.
1072 2974 1097 3035 Ι.
1292 2989 1375 3055 quac
1396 2966 1460 3032 huo
1486 2965 1675 3052 pertinent,
1697 2987 1820 3030 comma
1839 2979 1910 3030 cato
1941 2967 2043 3054 quod·

1292 3069 1376 3133 libet
1408 3067 1535 3134 zodiaci
1566 3068 1694 3149 rignum
1726 3067 1766 3130 ab
1799 3088 1865 3131 uuo
1888 3068 2042 3154 quopiam

554 3165 590 3248 7)
603 3164 644 3232 L.
659 3163 704 3231 H.
721 3169 922 3252 Coputloria
936 3173 1142 3252 laureatum,
1152 3195 1236 3257 prae
1291 3175 1498 3259 planetarum
1519 3164 1689 3254 pendere,
1718 3167 1864 3252 planetae
1894 3170 2042 3255 cinguloa

489 3287 553 3346 ouo
568 3283 714 3346 astrum,
729 3292 817 3355 pone
832 3287 1014 3356 sceptrum,
1027 3278 1117 3358 infra
1133 3277 1236 3362 Sagii·
1291 3275 1327 3336 in
1357 3273 1453 3358 cigno
1491 3270 1600 3354 aliquo
1633 3290 1727 3332 auum
1761 3283 1874 3336 nactoa
1907 3270 2043 3338 domici·

489 3370 590 3432 tariua
617 3374 725 3450 specie
756 3375 916 3438 Centauri
946 3397 1059 3448 orrum
1089 3381 1235 3443 tendens.
1292 3377 1392 3452 lium,
1422 3387 1455 3438 et
1476 3371 1553 3435 iude
1576 3389 1736 3436 exercerc
1758 3372 1943 3458 imperium.
1987 3377 2040 3438 Ex

490 3471 560 3538 ΔΕ.
577 3471 602 3530 1.
1291 3475 1353 3539 hac
1389 3475 1466 3557 lega
1511 3473 1626 3536 Solem
1664 3471 1812 3538 habitare
1848 3475 1883 3536 in
1913 3477 2040 3551 Leone,

1291 3579 1396 3659 (num.
1416 3575 1463 3654 3.)
1492 3574 1618 3636 Lunam
1643 3573 1678 3634 in
1700 3575 1845 3658 Quaero,
1872 3580 1976 3660 (uum.
1993 3587 2040 3660 o.)

553 3670 590 3752 S)
611 3669 650 3736 11.
668 3667 712 3734 H.
738 3672 844 3754 Caput
860 3674 990 3736 Saturni
1007 3679 1153 3741 velatum
1174 3683 1235 3742 im·
1291 3671 1466 3740 Saturnum
1490 3675 1525 3736 in
1552 3675 1773 3759 Capricorno,
1806 3679 1910 3760 (num.
1928 3681 1975 3763 S.)
2006 3693 2040 3744 et

490 3775 635 3834 minente
649 3772 772 3854 globo,
791 3791 874 3854 prae
898 3794 962 3853 quo
987 3789 1132 3854 ostrum,
1150 3802 1235 3864 pone
1291 3777 1457 3863 Aquario,
1489 3779 1592 3860 (num.
1612 3780 1660 3860 o.)
1688 3779 1799 3842 lovem
1829 3778 1865 3842 in
1901 3781 2039 3866 Sagitta·

490 3873 618 3955 harpa,
638 3876 732 3958 infre
751 3872 980 3956 capricornus.
1023 3877 1094 3945 ΔΕ.
1109 3881 1135 3946 1.
1291 3883 1359 3958 rio,
1393 3885 1496 3964 (uum.
1515 3883 1564 3962 7.)
1604 3893 1639 3942 et
1662 3879 1832 3958 Piscibus,
1862 3903 1952 3950 num.
1973 3888 2039 3966 ιο.)

1291 3985 1431 4048 Mortem
1452 3983 1485 4045 in
1506 3981 1640 4059 Ariete,
1663 3978 1799 4065 (deaut.)
1828 3973 1863 4048 o't
1884 3985 2036 4070 Scorpio,

552 4070 707 4160 q)1,.11.
730 4075 838 4160 Caput
851 4077 983 4144 Saturni
1000 4083 1127 4162 simile,
1143 4086 1235 4170 infra
1291 4087 1394 4170 (num.
1413 4080 1462 4166 6.)
1479 4085 1646 4154 Venerem
1665 4084 1699 4146 iu
1717 4083 1838 4162 Libra,
1869 4087 1973 4170 (num.
1990 4093 2039 4173 5.)

489 4178 651 4261 Aquariuo
677 4179 793 4241 uotam
813 4193 953 4262 utraque
978 4203 1078 4248 mortu
1101 4187 1234 4270 amplio-
1290 4201 1325 4252 at
1356 4189 1490 4263 Tauro,
1526 4190 1630 4270 (num.
1659 4187 1724 4267 ιι.)
1758 4188 1961 4254 Mercurium
2005 4193 2037 4254 in

489 4301 561 4342 ram
583 4293 683 4349 tenet.
726 4280 836 4346 ΔΕῙ.
1290 4288 1455 4360 Geminis,
1479 4285 1613 4370 (deest.)
1634 4299 1668 4349 et
1688 4287 1846 4374 Virgine,
1869 4291 1973 4374 (num.
1990 4299 2039 4377 4.)

1289 4393 1381 4457 Haec
1404 4389 1592 4466 Firmicua,
1622 4390 1713 4472 cujua
1734 4389 1885 4454 traditam
1912 4395 2035 4480 legem,

557 4485 609 4566 ιο)
637 4485 679 4552 ῐι.
699 4481 743 4550 ll.
793 4487 901 4568 Caput
924 4487 1011 4558 loric
1042 4493 1231 4558 laureatum
1289 4508 1325 4557 ιιι
1346 4495 1417 4580 ipae
1439 4493 1555 4569 videa,
1586 4491 1745 4575 religiono
1776 4509 1958 4579 aequantur
1979 4521 2037 4562 nu·

523 4716 553 4788 a)
572 4713 656 4818 aa.
676 4715 710 4776 T.
718 4712 793 4776 m.
809 4735 843 4814 p·
861 4725 924 4782 dot.
998 4719 1034 4793 b)
1054 4721 1143 4782 llam.
1163 4724 1302 4786 Trevoux
1322 4723 1430 4788 Octob.
1447 4735 1526 4790 itii·
