4372 5556
534 579 606 650 ιιι
995 555 1147 631 NVMI
1178 550 1608 627 BARBARORVM.

598 729 737 797 hiataria
750 744 923 793 nemorum
939 735 989 787 eat
1003 734 1188 806 argentum,
1203 741 1279 806 pau·
1334 720 1523 805 lllyricana,
1553 718 1741 784 Pannonica
1769 721 1870 812 magia
1897 721 2074 788 introraum

529 853 646 902 rarum
678 853 744 898 aea.
786 831 839 892 Ex
869 847 935 912 quo
963 822 1121 901 eflicitur,
1161 843 1279 890 numoa
1332 823 1540 908 progreaaia,
1566 833 1659 904 capta
1689 819 1830 906 denique
1861 825 1960 888 etiam
1989 827 2075 889 omui

535 937 598 1002 boa
629 933 747 998 deberi
776 928 985 1013 regionibus,
1025 945 1107 1008 quae
1140 937 1278 1008 argento
1333 925 1492 1003 Thracia,
1535 923 1720 1008 deletiaque
1760 923 1876 992 ricinia
1915 925 2074 993 barbaria.

533 1037 641 1107 ioaaili
662 1032 884 1110 abundabant,
910 1046 975 1115 quo
997 1046 1075 1089 aane
1096 1018 1277 1094 abuudaaae
1331 1025 1468 1092 Factum
1486 1046 1531 1091 ex
1545 1025 1607 1091 bac
1622 1025 1792 1110 utrimque
1808 1027 1923 1111 populi
1941 1029 2075 1106 ricinia,

534 1159 606 1216 aaa,
637 1135 753 1220 quibua
778 1132 866 1198 iatud
891 1148 1063 1194 numerum
1085 1148 1196 1212 genua
1221 1127 1278 1208 tri7
1331 1140 1370 1194 ut
1390 1149 1507 1213 magua
1528 1129 1685 1214 pecuniae
1706 1129 1873 1193 Romanae
1901 1129 1952 1196 ria
1980 1131 2074 1194 etiam

533 1239 682 1313 buiniua,
711 1234 788 1298 antia
811 1244 946 1296 conatat.
992 1231 1073 1292 Sunt
1100 1229 1197 1292 etiam
1224 1251 1277 1314 au·
1332 1230 1366 1292 in
1396 1230 1552 1313 regiones
1579 1243 1669 1293 traua
1697 1231 1816 1294 latrum
1853 1230 1977 1314 pcaitaa
2013 1251 2073 1314 cpe

533 1338 602 1416 rei,
636 1334 696 1401 aed
722 1336 800 1401 rari.
844 1335 1025 1417 Argentum
1055 1343 1105 1392 eat
1133 1329 1276 1394 aclidum
1332 1330 1522 1394 commercii
1541 1330 1737 1406 inferretur,
1768 1330 1856 1417 quod
1877 1329 2012 1416 quidem
2033 1331 2074 1394 ia·

534 1433 840 1520 craaaumque,.aed
854 1447 928 1497 aunt
942 1432 1038 1496 etiam
1053 1433 1147 1496 aurei
1162 1452 1277 1517 argen·
1332 1444 1419 1497 ctum
1436 1430 1536 1494 iuiaae
1553 1431 1630 1495 aatia
1648 1443 1795 1510 mature,
1816 1453 1882 1495 ιιοιι
1903 1431 2004 1496 medo
2024 1453 2073 1496 re·

531 1541 643 1624 tuique
665 1538 789 1601 metalli
808 1535 986 1613 tenuioria,
1008 1546 1100 1617 parte
1117 1555 1181 1596 una
1199 1553 1276 1597 con·
1330 1532 1467 1596 riaimile
1497 1546 1566 1611 eat,
1596 1532 1656 1596 aad
1684 1531 1782 1595 ctiam
1811 1535 1911 1616 plane
1939 1534 2072 1598 evidens

532 1641 624 1716 rexi,
646 1635 719 1703 'alia
741 1637 885 1703 concavi.
925 1635 1029 1698 Aurei
1050 1634 1142 1717 parvi
1163 1635 1276 1698 inauri·
1330 1647 1523 1719 propterea,
1546 1633 1618 1719 quia
1636 1634 1753 1718 ingena
1774 1647 1925 1698 monetae
1943 1655 2071 1719 quoque

530 1741 580 1825 pti
605 1741 740 1816 mar„
772 1758 855 1824 quoa
885 1735 1035 1802 dedimua
1061 1736 1096 1796 in
1125 1735 1274 1818 catalogo
1331 1735 1978 1814 oonaularianumcruaiuTrauailrauia,
1994 1757 2071 1820 quac

530 1861 670 1906 numero
684 1842 727 1919 8,
749 1841 845 1928 bujua
871 1853 944 1902 aunt
968 1837 1114 1913 formae,
1139 1857 1176 1900 ac
1199 1856 1275 1920 pro·
1329 1839 1452 1901 euteria
1466 1839 1586 1901 Daciae
1603 1859 1676 1920 para
1691 1837 1763 1916 iuit,
1780 1836 1854 1902 iere
1868 1839 1976 1903 iudica
1991 1839 2071 1902 erui·

528 1957 645 2028 pterea
665 1941 698 2003 iu
716 1944 869 2005 scutellis
887 1943 985 2004 iridis
1004 1937 1122 2014 habiti,
1147 1936 1189 2000 de
1211 1957 1274 2021 qua
1329 1949 1393 2000 tur.
1436 1939 1608 2004 Paullatim
1636 1958 1719 2024 ergo
1746 1938 1877 2003 barbari
1902 1939 2070 2004 literarum
2158 2003 2159 2028 ,

529 2045 613 2110 anili
629 2042 736 2106 labala
758 2043 835 2124 lege
856 2039 1017 2104 laudatam
1038 2058 1135 2123 aupra
1154 2039 1273 2123 epieto·
1327 2059 1422 2102 uaum
1444 2040 1611 2117 didicere,
1640 2060 1705 2124 quo
1733 2038 1833 2103 modo
1854 2054 1889 2104 et
1910 2039 2001 2105 Galli
2022 2060 2070 2105 re·
2157 2031 2159 2070 l

529 2147 593 2212 lam
611 2143 749 2208 Adaucti
765 2144 885 2226 Voigt
1182 2131 1185 2138 ’
1327 2141 1698 2224 tereaparteGalliae,
1728 2142 1874 2227 quaein
1901 2143 2071 2206 meridiem

1326 2242 1454 2324 vergit,
1490 2243 1524 2304 iu
1560 2242 1762 2326 prouinciam
1797 2241 1951 2323 redacta,
1991 2245 2071 2308 Lati·

546 2297 761 2416 Vocabula
791 2343 843 2406 hia
873 2341 979 2404 numia
1010 2339 1168 2424 inacripta
1197 2359 1272 2404 uaae
1327 2342 1378 2404 nia
1400 2343 1505 2407 literia
1527 2365 1615 2408 auam
1634 2357 1816 2430 coeperunt
1832 2344 1992 2428 inriguire
2010 2365 2071 2408 mc

528 2444 942 2532 priucipnmbarbarururn
962 2441 1195 2523 ejuatractua,
1215 2439 1274 2504 du·
1327 2459 1446 2507 natam.
1486 2445 1574 2512 Vide
1595 2445 1634 2508 ad
1657 2447 1721 2512 boc
1742 2461 1972 2529 argumentum
2003 2469 2071 2532 per·

527 2549 626 2612 biteri
642 2548 778 2631 nequit3.
791 2565 863 2606 nam
879 2545 907 2605 ai
922 2555 1032 2606 carent
1049 2541 1188 2618 urbium,
1206 2562 1273 2605 non
1329 2544 1463 2609 tinentia
1486 2545 1548 2609 alia
1570 2547 1709 2610 articulo
1731 2561 1900 2632 aequente.
1939 2549 1994 2612 ab
2017 2549 2071 2610 bac

527 2649 710 2736 potuissent
726 2669 764 2710 en
778 2647 825 2709 aic
841 2645 997 2720 interire,
1019 2657 1186 2706 uteorum
1203 2642 1274 2706 nul·
1329 2666 1412 2728 ergo
1430 2646 1555 2729 epocha
1576 2647 1661 2711 iatud
1685 2669 1856 2712 rumorum
1879 2668 1985 2734 genua
2006 2663 2072 2714 tuto

526 2753 596 2816 lum
622 2750 755 2813 omnino
781 2759 922 2810 exstaret
953 2742 1108 2806 iudicium
1137 2745 1206 2810 aive
1236 2744 1272 2806 in
1327 2745 1439 2811 licebit
1461 2748 1601 2828 ducere,
1632 2771 1741 2835 neque
1769 2764 1882 2827 antea,
1914 2751 1991 2834 quia
2012 2754 2072 2814 lio·
2157 2789 2158 2792 =

525 2851 707 2927 historicis,
729 2849 798 2913 aire
821 2845 1028 2932 geographia.
1064 2847 1193 2908 Harum
1214 2866 1272 2909 uo·
1328 2849 1415 2912 mani
1436 2861 1503 2910 tum
1525 2849 1632 2915 adbuc
1652 2851 1775 2935 ignoti,
1805 2866 1839 2917 et
1865 2865 1994 2917 conatat
2021 2873 2071 2916 ex·

525 2954 613 3018 mina
634 2953 824 3034 regulorum
849 2948 1003 3011 historiae
1030 2947 1164 3010 luerunt
1190 2946 1271 3010 indi·
1327 2951 1511 3036 parientia,
1543 2951 1699 3016 barbarea
1734 2966 1804 3017 tum
1839 2954 1902 3019 aibi
1932 2954 2072 3018 Graeco⁴

467 3066 470 3074 ’
525 3069 593 3132 ιιι,
619 3055 693 3139 quia
712 3051 853 3117 latibulis
876 3051 941 3113 auia
959 3050 1077 3112 inclusi
1095 3067 1270 3133 emergere
1327 3073 1401 3115 rum
1430 3051 1540 3136 potiua
1564 3069 1726 3119 monetam
1749 3056 1938 3120 imitandam
1966 3079 2071 3142 aump

527 3170 581 3222 aut
597 3155 751 3231 noluere,
769 3166 823 3216 aut
836 3152 987 3220 ιιιιίιιοιι
1004 3164 1087 3214 aaut.
1112 3151 1193 3244 Quia
1205 3153 1272 3216 De·
1327 3153 1423 3230 aicae,
1444 3167 1480 3216 ut
1501 3153 1630 3220 <licetur
1650 3157 1811 3241 proxime.
1854 3159 1970 3243 Neque
1989 3163 2071 3224 ultra

525 3256 677 3322 cebaluur
699 3256 799 3318 hodie
820 3254 979 3326 novisset,
1006 3253 1068 3318 uiai
1086 3254 1176 3319 bellu
1196 3274 1273 3322 cum
1326 3257 1501 3340 Trajanum
1531 3253 1601 3339 ejua
1633 3257 1733 3324 velim
1765 3260 1847 3323 linea
1877 3263 2070 3345 prorogari,

526 3359 683 3422 Romania
700 3356 817 3434 iuiaact
836 3353 997 3420 colliauai.
1326 3357 1400 3438 quia
1429 3356 1606 3421 reriaimile
1637 3373 1703 3436 eat,
1734 3361 1835 3426 Dacia
1855 3361 1896 3425 ab
1917 3362 1982 3429 hoo
2004 3365 2067 3426 Ro·

1305 3476 1423 3520 -mauc
1461 3457 1601 3542 imperio
1638 3459 1784 3544 aubjecta
1813 3461 1968 3528 barbarea
2000 3467 2070 3549 ajua

590 3559 765 3642 Supereat,
788 3569 825 3624 ut
842 3555 884 3621 de
899 3549 1017 3620 horum
1037 3569 1143 3622 aetate
1158 3557 1270 3622 uumo'·
1324 3568 1448 3620 tractae
1468 3559 1617 3625 nationea
1640 3559 1795 3650 deincepa
1808 3586 1827 3629 a
1841 3565 1994 3632 lariuuda
2017 3587 2071 3652 pe·

525 3682 599 3727 rum
632 3657 812 3739 iudicemua
850 3675 992 3743 quoque.
1042 3656 1127 3751 Quia
1166 3659 1272 3724 literia
1326 3659 1644 3728 euniaabaainniaaa.

526 3773 601 3827 aunt
619 3757 743 3822 Latinis
758 3756 922 3838 inscripti,
943 3777 1080 3822 neccaae
1098 3771 1148 3821 eat
1165 3759 1272 3844 aigna-

524 3878 577 3929 tca
592 3881 650 3925 eoa
666 3858 768 3921 suinae
788 3869 873 3932 tum,
897 3878 938 3920 ex
959 3880 1023 3944 quo
1039 3861 1271 3926 Eumenicae·
1387 3861 1439 3927 Ex
1456 3847 1573 3950 quibua
1588 3867 1701 3952 liquet,
1718 3891 1834 3938 ιιιιιιοι
1849 3872 1986 3952 aimilea,
2004 3885 2070 3939 tum

525 3976 645 4047 parunt
664 3956 914 4023 eorum-ditioni
934 3962 1067 4044 propiua
1085 3963 1269 4028 imminere.
1326 3978 1361 4029 ct
1377 3985 1454 4042 eoa,
1478 3975 1559 4052 quoi
1576 3971 1729 4036 contiuuo
1750 3973 1783 4036 iu
1806 3975 1923 4060 plagiia
1940 3993 2072 4042 enume-

525 4069 592 4132 Iem
616 4062 693 4126 inde
721 4083 739 4124 ι
768 4073 859 4144 capta
881 4062 1091 4143 Macedonia,
1120 4079 1155 4130 at
1176 4065 1271 4128 mari·
1325 4066 1486 4148 rabimua,
1517 4071 1603 4136 male
1633 4095 1652 4138 a
1680 4074 1796 4140 Patino
1821 4087 1870 4158 ⁸),
1900 4091 1935 4144 at
1961 4080 2074 4146 lober-

525 4171 606 4234 timo
638 4165 779 4250 illyrico·
802 4165 906 4227 Roma
940 4164 1188 4231 mediterraneia
1218 4166 1270 4231 hia
1325 4180 1361 4232 to
1383 4166 1414 4253 b)
1437 4173 1549 4236 vocari
1576 4173 1756 4253 Gothicas,
1780 4199 1855 4242 cum
1883 4199 1998 4250 eorum
2021 4202 2074 4246 ae·
2154 4177 2155 4223 l

524 4270 656 4354 pepulit
688 4264 798 4350 coepit
834 4265 1041 4331 innoteacere
1079 4281 1114 4332 et
1149 4269 1268 4334 timeri.
1326 4282 1394 4346 ιιι,
1425 4285 1460 4336 ut
1481 4273 1560 4339 aliea
1581 4295 1692 4339 cauaaa
1712 4279 1938 4364 negligamua,
1970 4282 2072 4368 lenge

525 4370 704 4453 Propiorea
726 4365 845 4432 deinde
867 4388 982 4432 cauare
1003 4368 1183 4452 imperante
1205 4374 1273 4434 Aa·
1327 4371 1509 4438 Gothorum
1546 4389 1683 4440 aetatem
1719 4395 1912 4448 anteiertat.
1939 4383 2071 4468 Longe

527 4487 642 4560 guatc,
678 4469 834 4533 Romania
864 4489 927 4554 per
956 4468 1044 4536 bella
1072 4471 1271 4550 Dalmatica,
1329 4474 1425 4537 etiarn
1447 4499 1465 4540 a
1487 4477 1747 4547 vercaberrarit
1765 4483 1970 4562 Frilicbiua,
1999 4507 2071 4550 cum

523 4655 2071 4694 mm*

564 4793 592 4862 a)
614 4788 688 4848 ιιι
707 4783 744 4844 aa
762 4783 839 4842 ura
858 4783 1000 4861 capnt.
1072 4785 1108 4860 ι)
1128 4783 1249 4847 scieura
1267 4786 1320 4846 aa
1338 4787 1502 4850 urunt.
1520 4795 1606 4868 μοι.

2147 5357 2151 5525 l
