4444 5558
483 555 531 622 m
691 505 695 510 ’
942 526 1094 611 uvmt
1128 529 1573 604 auexnnunrnt.

427 703 431 720 '
485 729 525 770 ex
548 705 670 769 Orosio
693 704 742 785 Ι),
775 715 843 765 tum
872 723 914 767 ex
942 702 1139 766 Ralendario
1166 701 1232 762 Au·
1288 697 1472 762 confectum
1490 698 1638 779 jamest,
1664 683 1960 758 Alexandrinorum
1981 713 2035 756 an·

481 811 568 871 tiata.
600 809 636 867 ln
660 804 730 888 ejus
752 806 850 866 etiam
873 805 1063 866 memoriam
1091 805 1150 866 hac
1177 802 1231 865 die
1288 823 1383 876 num,
1409 799 1542 874 utdixi,
1567 799 1666 860 lixum
1684 797 1832 880 coepisse
1848 797 1881 857 in
1900 815 2035 858 neome-

437 925 441 940 '
482 931 585 973 annua
613 905 779 970 celebrata
809 904 912 982 festa,
946 926 1087 988 qnorum
1119 895 1231 966 memiss
1287 903 1464 977 niaThct,
1492 901 1631 986 quae-in
1651 921 1735 960 anno
1759 898 1925 963 communi
1948 897 2039 961 cadit

480 1011 529 1072 nit
546 1009 627 1084 Dio,
650 1005 892 1081 inde-constat,
920 1005 1008 1090 quod
1035 1007 1141 1069 serius
1166 1007 1232 1068 En·
1254 1062 1263 1078 ,
1286 1007 1320 1066 in
1338 1004 1427 1084 diem
1443 1003 1560 1066 XXIX.
1580 1000 1735 1083 Augusti,
1758 998 1793 1060 iu
1813 1021 1917 1079 anno,
1941 1001 1969 1064 ai
1991 1001 2035 1062 ita

482 1111 578 1174 dosia
602 1107 820 1176 Valentiniani
842 1108 899 1168 111.
923 1128 1006 1168 uxor
1032 1105 1073 1167 iis
1099 1105 1229 1168 abolitis
1283 1093 1377 1189 loqui
1397 1106 1445 1168 fas
1467 1119 1535 1180 est,
1560 1101 1740 1178 bissextili,
1764 1101 1798 1162 in
1820 1101 1910 1164 diem
1929 1101 2033 1164 XXX.

482 1211 612 1277 suffecit
626 1209 745 1274 festum
759 1209 792 1272 S.
807 1207 899 1270 Petri
917 1206 957 1270 ad
973 1207 1097 1272 vincula
1112 1207 1230 1269 Halon·
1286 1206 1434 1291 ejusdem
1452 1205 1584 1268 mensis.

482 1313 533 1375 dis
548 1312 633 1396 Aug.
653 1309 905 1385 celebrandum,
931 1321 968 1371 ut
983 1321 1057 1392 post
1078 1309 1160 1371 alios
1177 1327 1230 1370 re·
1348 1305 1563 1370 Alexandrini
1599 1305 1647 1369 s'io
1680 1323 1897 1392 numeravere
1929 1323 2032 1370 anuos

482 1415 548 1477 tert
573 1415 725 1475 Nauzeus
741 1408 792 1492 s),
833 1411 958 1478 Verum
984 1410 1072 1492 quod
1099 1409 1229 1492 sublinit
1285 1411 1537 1493 imperatorum,
1562 1420 1612 1485 ut,
1642 1425 1836 1490 quocunque
1858 1406 1934 1469 anni
1954 1419 2035 1470 tem-

481 1515 565 1589 Dio,
599 1513 639 1576 ab
666 1514 728 1576 hoc
755 1510 808 1573 die
832 1511 969 1595 reliquie
993 1509 1231 1574 Alexandrino·
1282 1511 1425 1596 porei-hi
1447 1509 1621 1593 imperium
1637 1509 1902 1590 auspicarentur,
1931 1529 2035 1571 annus

483 1637 555 1678 rum
573 1615 663 1680 annis
680 1611 887 1674 numerandis
907 1610 1033 1673 initium
1056 1625 1230 1696 sumptum,
1288 1634 1402 1676 eorum
1431 1614 1470 1678 B.
1493 1613 1561 1675 aive
1583 1593 1624 1672 1'1.
1651 1630 1785 1691 semper
1813 1610 1990 1674 duceretur
2016 1635 2037 1674 a

483 1715 619 1780 multum
645 1715 742 1778 torsit
768 1713 1008 1797 chronologos,
1033 1713 1129 1800 „quod
1155 1734 1231 1779 con·
1289 1715 1437 1800 proxima
1474 1712 1647 1776 neomenia
1685 1711 1793 1788 Thot,
1836 1712 1909 1776 dies
1951 1732 2034 1779 vero

482 1832 570 1896 stet,
613 1833 774 1901 nunqnam
812 1829 865 1878 aut
900 1814 1142 1880 Alexandrinos
1177 1827 1232 1878 snt
1284 1815 1526 1900 praecedentes
1545 1813 1946 1893 coniicerentanuumd,
1974 1835 2035 1878 seu

483 1917 665 2004 Aegyptios
688 1940 707 1979 a
729 1917 884 1980 liniendis
910 1917 995 2000 Aug.
1021 1937 1124 1979 annos
1152 1934 1229 1979 suas
1286 1918 1446 2002 primum,
1478 1916 1760 1999 etsiplernutque
1782 1914 2035 2001 incompletum,

481 2039 686 2093 numerasse,
711 2017 770 2081 sed
789 2039 808 2080 a
827 2018 1000 2105 neomenia
1020 2017 1126 2094 Thot,
1154 2037 1231 2080 con·
1287 2015 1322 2082 et
1364 2039 1462 2102 saepe
1505 2037 1683 2101 paucorum
1726 2029 1848 2078 tantum
1893 2018 2033 2082 dierum.

482 2136 547 2185 stet
566 2139 647 2185 rero
671 2120 787 2194 etiam,
817 2119 905 2184 dicto
928 2137 1011 2182 anno
1036 2118 1077 2184 V.
1095 2118 1131 2184 C.
1155 2125 1230 2199 724.
1285 2119 1379 2185 Haeo
1399 2119 1546 2183 doctrina
1572 2119 1655 2183 adeo
1679 2140 1757 2184 vera
1784 2131 1852 2198 eat,
1868 2119 1961 2184 adeo
1982 2140 2034 2184 so-

483 2228 523 2286 A.
536 2224 577 2284 X.
590 2221 631 2286 do
666 2218 905 2281 Alexandrinos
919 2218 1125 2282 neomeniam
1143 2219 1231 2282 'rhet
1283 2221 1362 2284 lidia
1393 2221 1594 2310 argumentis
1623 2221 1849 2304 ettttxemplis¹
1876 2223 2033 2300 stabilita,

483 2325 540 2384 lixi
556 2321 726 2384 inchoasse
742 2319 795 2382 die
811 2320 866 2384 Xl.
884 2319 1032 2394 Sextilis,
1050 2321 1231 2404 Aegyptios
1284 2335 1324 2386 nt
1350 2323 1413 2405 jam
1445 2345 1463 2386 a
1490 2323 1623 2387 nemine
1652 2323 1686 2384 iu
1718 2323 1853 2386 dubium
1884 2339 2033 2393 vocetur.

482 2423 629 2507 reliquos
643 2421 948 2485 neumeniamsl'bot
962 2423 1034 2504 vagi
1048 2420 1101 2484 dia
1113 2423 1230 2487 XXXI.
1283 2413 1448 2488 'saraam
1469 2423 1552 2502 hoc,
1578 2438 1633 2488 aut
1655 2409 1747 2486 nullo
1768 2427 1867 2493 modo
1893 2419 2035 2510 explice-

484 2523 627 2588 Sostilis.
673 2523 795 2588 Verum
824 2523 883 2587 has
913 2523 988 2585 lites
1017 2523 1231 2606 chronologis
1283 2527 1318 2592 ai
1341 2540 1451 2612 potest
1472 2527 1507 2588 in
1526 2525 1813 2604 Galba-annuali,
1835 2527 1870 2591 in
1896 2528 2035 2594 Hadria.

484 2624 717 2710 relinquimus,
736 2645 875 2711 quorum
893 2621 1135 2689 lucubrationes
1153 2645 1231 2692 mox
1285 2649 1330 2692 uu
1351 2650 1452 2693 annus
1473 2625 1550 2703 KB,
1575 2627 1611 2698 in
1630 2627 1809 2712 Elagabalo
1825 2630 1872 2708 E,
1898 2630 1933 2693 in
1953 2631 2036 2696 Pro-

481 2727 664 2792 citsbimns.
707 2728 795 2804 Nos,
826 2727 882 2811 qui
911 2747 1012 2790 annos
1039 2729 1145 2790 solum
1172 2748 1230 2789 nn·
1282 2730 1330 2794 bo
1357 2731 1408 2808 Η,
1440 2729 1559 2813 aliique
1587 2729 1621 2790 in
1649 2729 1721 2793 aliis
1748 2732 1842 2807 nuni,
1873 2708 1969 2817 qnam
1997 2734 2034 2796 in

480 2831 546 2895 mis
573 2825 800 2892 Alexandrinis
826 2829 1001 2911 inscriptos
1028 2842 1228 2912 spectamus,
1283 2833 1338 2896 his
1367 2831 1475 2895 numia
1504 2830 1737 2915 chronologiae
1764 2830 1875 2916 legem
1902 2834 2033 2919 pridem

484 2953 600 2997 eorum
627 2931 754 2992 initiunt
782 2929 874 2992 nullo
901 2930 1059 3013 peccandi
1080 2931 1229 3012 periculo
1287 2953 1453 3017 agnot'ere
1481 2931 1628 2995 Norisins
1650 2935 1698 3014 s),
1731 2935 1851 3018 Pagina
1876 2935 1929 3018 h),
1958 2938 2033 2998 Phi·

483 3034 574 3097 adie
592 3034 710 3096 XXIX.
725 3031 866 3116 Augusti
882 3030 1058 3109 ducemus,
1085 3031 1148 3095 etsi
1164 3053 1229 3097 ma·
1285 3035 1394 3120 lippus
1426 3033 1467 3097 de
1497 3035 1529 3096 la
1559 3034 1666 3098 'I'orre
1694 3031 1750 3119 l),
1781 3036 1915 3122 aliique.
1968 3041 2034 3104 Ne·

482 3136 521 3198 lit
542 3137 693 3200 Nauzeus
716 3133 897 3199 eorundem
919 3135 1044 3198 initium
1071 3154 1229 3199 annorum
1288 3156 1461 3224 querere
1490 3135 1572 3198 haec
1599 3154 1700 3198 annos
1730 3139 1925 3222 supputandi
1949 3141 2032 3206 ratio

425 3261 434 3272 ’
481 3241 517 3302 in
554 3241 595 3304 iis
626 3238 900 3324 imperatoribus,
928 3237 1000 3323 -qui
1029 3238 1230 3302 Hadrianum
1285 3259 1371 3306 nora
1395 3253 1465 3318 est,
1495 3251 1550 3302 aut
1575 3239 1735 3321 exemplis
1759 3239 1927 3320 destituta,
1959 3265 2032 3306 nam

471 3361 714 3426 ,praecessere,
752 3343 875 3404 ducere
903 3364 923 3404 a
949 3339 1004 3404 die
1032 3341 1088 3404 XI.
1118 3338 1231 3420 Augu·
1287 3355 1321 3404 et
1341 3339 1525 3404 intcalculo
1546 3343 1765 3405 astronomioo
1788 3343 1935 3408 Theonis
1956 3345 2034 3408 dle·

484 3444 524 3505 sti
547 3447 588 3524 t).
622 3441 688 3535 Qui
708 3443 782 3525 plna
804 3443 838 3503 in
855 3441 920 3504 bac
942 3439 1090 3504 doctriua
1111 3439 1229 3502 instrui
1284 3440 1436 3505 sandrini
1473 3442 1548 3505 anni
1583 3441 1818 3526 imperatorum
1851 3446 1892 3510 ad
1917 3467 2032 3512 ueram

485 3543 593 3624 cupit,
630 3555 764 3625 praeter
791 3541 981 3617 Patavium,
1011 3540 1231 3617 Dodtellum,
1289 3540 1519 3606 Nabonsssaris
1542 3545 1646 3609 exacti
1669 3545 1717 3610 sio
1738 3561 1969 3623 numerantur.
1997 3566 2033 3617 ut

485 3643 632 3726 aliosque
661 3640 896 3723 chronologias
923 3627 1095 3726 magistros
1124 3640 1233 3710 erudi·
1287 3663 1389 3707 sunna
1416 3644 1605 3730 imperantis
1632 3647 1758 3731 primus
1785 3661 1919 3734 putetur
1947 3651 2034 3717 illud

484 3757 533 3806 tas
570 3741 735 3810 ,variorum
773 3742 943 3806 Gallorum
987 3741 1232 3808 lucubrationes
1287 3745 1445 3830 temporis
1486 3747 1645 3830 spatium,
1681 3739 1893 3834 ⁴tpuantttmtis
1930 3754 2034 3819 modi·

486 3845 652 3921 consulat,
683 3845 738 3928 qui
766 3843 799 3906 in
826 3843 1018 3910 illustrando
1046 3844 1110 3908 hoc
1137 3866 1232 3929 argu·
1288 3867 1380 3926 curn,
1405 3849 1491 3933 quod
1508 3871 1612 3935 usque
1630 3849 1852 3938 adaequantia
1878 3858 1953 3919 anni
1979 3879 2035 3924 ex·

475 3961 598 4010 mento
620 3945 745 4028 copiosi
769 3947 883 4024 fuere,
912 3963 948 4011 ut
969 3947 1114 4012 Bimnrdi
1136 3946 1177 4012 de
1200 3949 1232 4012 la
1289 3951 1419 4014 ordinm
1438 3949 1579 4015 fluxerat
1602 3950 1647 4035 1ί).
1678 3955 1735 4018 Sic
1756 3969 1790 4020 et
1810 3957 1845 4019 in
1865 3979 1965 4024 numo
1987 3965 2034 4026 ri·

485 4048 595 4113 Bastie
618 4048 667 4130 d),
706 4046 749 4112 da
775 4047 807 4112 la
834 4049 948 4113 Nauae
974 4051 1144 4115 historiam
1170 4051 1234 4115 Ila·
1287 4053 1379 4116 cinae
1405 4055 1503 4138 Cypri
1531 4073 1603 4117 cunt
1633 4055 1758 4121 Galbae
1785 4059 1893 4144 capite
1920 4061 2034 4146 legas:

485 4149 624 4236 lendanii
652 4149 805 4235 Aegyptii
829 4154 880 4232 ⁸),
910 4153 1042 4218 Freneti
1072 4173 1231 4218 canonem
1285 4155 1476 4218 KOINON.
1502 4153 1738 4222 ΚΤΠΡΙΩΝ.
1765 4157 1924 4226 ΕΤΟΤΟ.
1945 4165 2033 4251 B.·¹)

486 4253 749 4318 ssnouomiuus
771 4251 807 4334 i).
845 4255 975 4318 Horum
998 4275 1081 4338 ergo
1101 4255 1230 4339 judiciis
1287 4256 1672 4326 carlummannum
1697 4281 1827 4330 meuses
1847 4266 2031 4352 imperarit.

495 4411 2024 4449 *Ἤ

522 4507 553 4562 al
572 4503 665 4562 1..V1.
683 4523 708 4559 c.
721 4517 763 4577 19.
843 4503 876 4574 b)
897 4505 974 4561 Bab.
989 4505 1113 4566 T'XVI.
1132 4509 1219 4564 mem.
1237 4509 1338 4584 puso-
1421 4515 1451 4572 ct
1470 4509 1527 4568 lc.
1609 4511 1644 4586 d)
1663 4513 1696 4570 B.
1708 4515 1739 4571 L.
1757 4515 1793 4573 Τ.
1803 4515 1867 4576 Xll.
1882 4539 1913 4596 p.
1926 4525 1984 4587 136.
2005 4537 2035 4582 et

484 4591 608 4651 T.Xlll.
624 4601 732 4668 p-lt3t'l
826 4595 857 4664 e)
870 4593 1048 4654 'Toru.XlV.
1065 4597 1151 4654 ilem.
1168 4616 1198 4672 p.
1209 4607 1272 4662 534.
1291 4611 1318 4656 et
1332 4597 1506 4658 Tamxvt.
1525 4601 1611 4658 rtem.
1629 4621 1661 4680 p·
1674 4615 1724 4669 tte
1740 4617 1768 4662 et
1787 4619 1849 4682 ¹93·
1951 4615 1980 4684 i]
1998 4619 2035 4674 Τ,

484 4681 607 4741 XXVII·
628 4683 715 4738 Mem·
731 4695 832 4757 pm.
932 4687 965 4760 gl
986 4683 1023 4740 ds
1041 4705 1131 4743 numo
1148 4685 1258 4746 llcrod.
1274 4689 1411 4766 Antipas.
1503 4693 1539 4764 lt)
1560 4693 1661 4752 Critic.
1677 4693 1716 4753 ad
1733 4715 1799 4755 nun.
1811 4700 1856 4771 69.
1950 4705 1974 4774 i)
1994 4705 2033 4762 de

472 4771 570 4832 affluis
587 4771 669 4848 Eltg·
687 4790 716 4848 p-
727 4781 771 4834 tt·
863 4772 897 4843 k)
917 4773 1019 4835 Freret
1035 4775 1067 4838 B.
1078 4777 1110 4837 L.
1127 4781 1163 4836 T.
1172 4777 1293 4840 XXVII.
1309 4781 1395 4838 Mem.
1412 4799 1441 4858 p.
1455 4793 1515 4844 trt-
1608 4783 1633 4856 l)
1654 4782 1758 4860 Hrym.
1774 4787 1808 4846 Τ.
1819 4787 1856 4852 Π.
1874 4791 1935 4850 tab.
1946 4807 1990 4870 29.
