4446 5570
497 585 583 657 tta
1106 569 1297 664 cetrvr,
1327 569 1417 642 xre

499 741 552 801 isis
586 737 744 824 adeptus.
782 739 905 825 patriae
947 759 1023 804 suae
1059 739 1243 823 civitatique
1301 737 1475 822 relinquet.
1519 741 1594 800 lure
1616 733 1718 822 igitur
1738 735 1846 822 arguit
1865 733 1977 799 sanior
1998 732 2054 796 bis

499 840 662 924 prodest?
705 846 757 903 Au
775 861 856 906 vero
878 841 1052 924 pugnaturi
1073 855 1147 903 sunt
1171 862 1244 904 cum
1301 843 1460 903 recutitus
1493 852 1627 915 noster,
1662 840 1712 902 bis
1745 861 1788 902 ex
1816 836 2053 902 certaminibus

407 993 411 1002 ,
499 943 647 1006 hostibus
678 939 962 1006 discos'manibus
982 942 1163 1024 jactantes?
1192 955 1246 1004 aut
1301 942 1427 1004 nullum
1446 961 1581 1025 prorsus
1597 961 1725 1004 sacrum
1744 961 1828 1004 esse.
1870 941 1954 1002 Nam
1975 937 2052 1019 ipsi,

501 1048 600 1108 citato
623 1064 695 1106 cum
724 1041 846 1126 clypeis
875 1063 973 1106 cursu
992 1044 1121 1108 hostem
1143 1043 1247 1125 patria
1302 1043 1427 1125 inquit,
1466 1042 1576 1104 talium
1602 1041 1816 1105 admiratores
1844 1039 1939 1122 leges
1966 1039 2051 1102 tole·

503 1144 662 1230 exigent?
706 1145 761 1208 Sic
790 1163 866 1208 sane
894 1164 993 1236 nemo
1019 1145 1160 1221 delirat,
1190 1144 1246 1228 qui
1301 1158 1378 1208 rant
1403 1155 1517 1208 contra
1537 1143 1624 1213 vim.
1655 1155 1691 1206 et
1709 1144 1742 1204 in
1760 1162 1879 1226 cerpus
1901 1139 2052 1206 saeuien-

500 1252 535 1311 in
554 1248 624 1311 soie
639 1264 742 1331 prope
760 1245 857 1308 stetit.
890 1249 1039 1329 Aequum
1057 1245 1176 1328 igitur,
1198 1247 1246 1307 in·
1301 1246 1385 1308 tibus
1403 1264 1525 1327 poenas
1541 1243 1788 1307 constituerunt.
1832 1244 1877 1306 Et
1894 1262 1961 1327 quo
1979 1261 2051 1304 mo·

502 1349 592 1433 quit,
624 1346 786 1430 sapientes
823 1345 973 1408 homines
1013 1359 1109 1430 atque
1141 1346 1244 1410 bonos
1302 1345 1344 1408 do
1367 1365 1506 1428 aequum
1532 1345 1636 1406 videri
1661 1356 1788 1425 potest,
1809 1355 1863 1418 ut,
1893 1341 2050 1426 quiulci·

500 1449 589 1512 foliis
612 1446 781 1523 coronari,
803 1459 837 1509 et
861 1446 888 1508 si
908 1447 985 1531 quis.
1003 1449 1166 1512 ciuitatem
1189 1469 1248 1532 op-
1302 1459 1436 1508 scuntur
1471 1445 1577 1507 iactas.
1610 1445 1760 1527 privatim
1797 1443 1955 1526 injurias,
1985 1463 2049 1508 nec

499 1553 579 1614 time
610 1549 719 1630 regit,
757 1560 956 1631 temperatus
986 1569 1026 1612 ac
1050 1550 1154 1630 justus
1183 1553 1243 1626 vir,
1301 1547 1473 1629 impunitus
1501 1545 1629 1620 sinunt,
1666 1546 1765 1607 iidem
1789 1547 1822 1606 in
1849 1544 2050 1608 celebritati·

502 1653 559 1739 qui
580 1652 727 1715 orations
750 1671 805 1712 sua
825 1671 923 1732 prava
944 1649 1090 1714 facinora
1116 1652 1246 1714 submo·
1302 1650 1386 1724 bus,
1417 1657 1567 1730 tantaque
1604 1660 1824 1730 spectatorum
1860 1646 2048 1731 frequentis

501 1769 574 1829 ret,
596 1753 682 1814 rixas
699 1765 732 1813 et
750 1749 927 1815 seditiones
943 1755 1140 1836 compescit,
1162 1757 1244 1815 haec
1302 1769 1441 1813 coronas
1467 1749 1577 1810 talium
1608 1748 1788 1810 facinorum
1817 1747 2049 1829 patratoribus,

502 1857 629 1921 scilicet
654 1865 733 1915 sunu
754 1865 787 1914 et
810 1855 871 1916 toti
895 1853 1018 1922 civitati
1043 1857 1191 1930 decors,
1211 1867 1245 1918 et
1302 1864 1336 1916 et
1356 1849 1595 1934 alia‘quaedam
1612 1869 1674 1933 per
1690 1869 1887 1931 praeconem
1907 1861 2048 1914 statuant

501 1959 674 2024 universae
696 1955 865 2030 Graeciae.
909 1957 1032 2019 Athis
1063 1959 1166 2019 multo
1195 1967 1245 2018 est
1301 1952 1468 2038 praemia?
1512 1953 1742 2038 Haec„atque
1764 1951 1814 2014 bis
1836 1951 2045 2036 pluranilo

501 2057 705 2133 mirabilius,
744 2056 830 2140 quod
853 2058 939 2120 bunc
962 2064 1120 2128 suumin
1149 2051 1246 2118 ludos
1301 2053 1458 2119 laudatus.

500 2161 651 2247 publicos
682 2157 829 2220 furorem
861 2157 894 2218 iu
922 2158 1087 2242 religiosis
1115 2178 1245 2241 qouque
1364 2159 1471 2239 Atque
1493 2156 1576 2218 baec
1594 2153 1724 2238 quidem
1746 2155 1899 2219 ludorum
1922 2156 2046 2220 insumis

501 2258 729 2334 caerimoniis,
751 2257 931 2342 quibusque
957 2260 1086 2320 numina
1110 2273 1165 2330 aut
1190 2258 1246 2318 oh·
1301 2258 1364 2340 jam
1396 2257 1564 2340 Euripidis
1596 2277 1678 2321 aero
1714 2258 1879 2320 excedere
1914 2259 2046 2320 modum

501 2373 694 2434 servarent,
737 2371 791 2420 aut
840 2360 1027 2440 piscarent,
1075 2373 1245 2443 putavere.

498 2461 675 2524 Praeclare
696 2459 779 2520 hauc
797 2459 980 2540 aequalium
1003 2480 1134 2522 auorum
1154 2480 1245 2524 resa·

499 2565 586 2626 niam
603 2560 743 2642 exagitat
759 2559 858 2622 Philo
879 2560 1027 2624 Iudaeus.
1071 2563 1175 2637 Care,
1198 2561 1245 2621 in·

501 2663 571 2750 quit
597 2665 644 2743 ¹),
674 2680 763 2724 sacra
801 2674 897 2743 putes
934 2662 1130 2738 certamina,
1162 2681 1244 2744 quae

500 2770 679 2828 instaurant
708 2761 806 2824 tertio
835 2780 965 2846 quoque
990 2784 1074 2826 auno
1097 2762 1244 2826 civitates

501 2865 658 2954 quaedam
682 2863 861 2927 condentes
883 2863 1027 2940 theatra,
1059 2885 1142 2950 quae
1165 2863 1246 2926 mul-

500 2982 533 3031 ta
569 2966 670 3029 millia
701 2963 869 3028 homiuum
908 2964 1080 3048 recipiunt.
1126 2968 1162 3025 ln
1193 2965 1244 3026 his

500 3069 588 3133 euim
618 3079 672 3132 aut
697 3066 838 3132 luctator
859 3064 1081 3130 adversarium
1105 3088 1246 3151 pronum

500 3172 693 3255 supinumrs
734 3181 909 3245 sternens,
949 3183 1003 3232 aut
1033 3170 1246 3253 pancratiaste
1278 3193 1286 3208 ·

499 3272 626 3337 validus
649 3293 669 3366 a
688 3269 781 3332 nulls
795 3269 827 3335 vi
844 3270 899 3333 rel
915 3271 1061 3333 laesione
1086 3269 1147 3333 sibi
1166 3285 1248 3334 tem·

500 3395 620 3462 perans
654 3371 792 3456 primam
821 3370 952 3434 laudem
985 3386 1132 3456 occupat.
1175 3375 1246 3436 Nec

499 3477 638 3550 desunt,
660 3475 721 3550 sit,
750 3473 806 3556 qui
832 3485 973 3558 utroque
993 3495 1104 3556 pugno
1133 3475 1166 3535 in
1196 3495 1248 3536 cs·

498 3591 559 3670 put
589 3575 772 3658 faciemque
805 3572 968 3650 involant,
997 3588 1032 3638 et
1061 3577 1111 3638 his
1140 3575 1245 3658 probe

501 3678 645 3744 contusis
666 3675 700 3737 iu
724 3690 836 3740 ceters
857 3695 986 3761 quoque
1010 3677 1157 3740 membra
1179 3699 1248 3740 see·

501 3769 618 3860 ciunt,
650 3777 834 3862 ubicunque
872 3791 979 3841 autem
1015 3780 1127 3863 plagas
1165 3773 1260 3842 inie·'

500 3895 602 3953 runt,
633 3879 804 3956 mutilant,
842 3891 972 3962 etpost
996 3881 1077 3943 haec
1105 3893 1169 3943 tam
1190 3882 1248 3942 im·

501 3982 607 4048 mauis
653 3998 817 4055 coronas,
857 3981 1067 4066 praemiaque
1119 3995 1246 4066 petunt.

500 4087 582 4148 Nam
603 4080 730 4168 reliqua
751 4081 929 4146 certamina
944 4103 1133 4161 cursorum,
1156 4087 1248 4170 quin·

500 4185 774 4273 querticnumqus
812 4203 911 4246 nemo
952 4186 1079 4269 sapiens
1108 4208 1174 4249 nou
1205 4189 1248 4250 ri·

1302 2361 1371 2424 visa
1399 2374 1508 2422 tamen
1543 2372 1728 2440 comparata
1757 2379 1831 2421 cum
1859 2359 1935 2436 illu,
1965 2380 2048 2442 quse

1302 2462 1407 2522 serius
1434 2459 1587 2534 incaluit,
1620 2459 1702 2522 ferri
1728 2473 1893 2545 utcunque
1926 2465 2042 2544 potuit.

1301 2562 1432 2623 Etenim
1459 2561 1567 2624 veteri
1593 2559 1661 2635 illi,
1692 2561 1807 2647 suique
1837 2561 1943 2627 adbuc
1966 2565 2045 2648 juris

1302 2663 1480 2738 Graeciae,
1503 2661 1606 2746 qualis
1630 2661 1700 2743 ejus
1722 2677 1841 2746 poetae
1863 2679 1969 2730 aetate
1992 2687 2048 2730 ex·

1303 2765 1399 2840 stitit,
1432 2785 1594 2847 nunquam
1621 2763 1758 2827 defuere
1786 2766 1919 2848 negotia
1949 2769 2047 2844 seris,

1303 2869 1371 2930 sire
1398 2886 1472 2928 oum
1497 2877 1652 2926 externus
1674 2865 1776 2928 bostis
1801 2867 1955 2950 urgeret,
1978 2871 2047 2936 sire

1302 2970 1483 3035 uicinorum
1523 2967 1696 3030 aemulatio
1730 2981 1853 3031 metum
1885 2971 2048 3054 injiceret,

1303 3071 1371 3132 sire
1424 3067 1555 3130 dissidia
1614 3068 1784 3145 forensia,
1835 3085 2046 3158 mutuamque

1304 3173 1413 3235 odium
1443 3169 1604 3233 civitatem
1628 3169 1859 3237 distraherent.
1901 3178 1946 3237 At
1966 3194 2048 3242 reru

1303 3273 1422 3337 Graeci
1443 3274 1477 3334 in
1496 3273 1718 3336 Romanorum
1747 3274 1938 3340 servitutem
1973 3297 2049 3362 pru·

1303 3379 1402 3460 lapsi,
1421 3396 1493 3438 curu
1511 3375 1573 3457 jam
1590 3374 1630 3438 iis
1646 3368 1767 3435 nullam
1781 3376 1943 3460 attingere
1962 3377 2046 3462 reip.

1303 3493 1427 3562 partem
1465 3477 1600 3552 liceret,
1636 3474 1687 3536 his
1723 3495 1796 3539 sese
1834 3481 2048 3542 certaminum

1303 3579 1440 3643 ludicris
1477 3578 1605 3661 penitus
1641 3579 1856 3656 immersere,
1893 3583 2048 3647 Romanis

1304 3681 1382 3765 ipsis
1405 3681 1487 3742 baec
1515 3699 1630 3741 eorum
1653 3679 1757 3742 studia
1784 3681 2047 3764 adprobantibus,

1305 3782 1392 3868 qood
1415 3784 1461 3844 sic
1489 3780 1675 3842 turbulenta
1692 3779 1893 3845 Graecorum
1918 3785 2047 3870 ingenia

1305 3881 1640 3958 erebusnorsndis,
1670 3881 1944 3971 clandestinisque
1974 3910 2050 3952 cun.

1305 3987 1386 4050 siliis
1433 3981 1677 4048 avertebantur.
1738 3985 1919 4050 Numerum
1968 3991 2049 4074 judi·

1305 4089 1391 4164 mum
1420 4085 1447 4147 si
1470 4084 1636 4162 audimus,
1657 4083 1809 4150 ludorum
1836 4089 1960 4153 insania
1985 4107 2051 4156 tan·

1304 4205 1338 4254 to
1361 4187 1497 4252 subinde
1520 4187 1649 4272 gravius
1670 4188 1834 4268 incubuit,
1857 4206 1977 4275 quanto
1995 4193 2050 4258 de·

501 4292 598 4367 dest,
620 4288 689 4352 boc
705 4285 889 4371 agentium,
911 4301 947 4350 ut
968 4288 1069 4351 saltus
1088 4289 1129 4351 sit
1152 4313 1247 4375 quam
1305 4293 1503 4376 sporatiores
1528 4289 1769 4373 provinciarum
1798 4312 1869 4370 res,
1901 4295 2050 4380 propius·

501 4392 731 4477 longissimus,
753 4410 834 4474 quos
849 4410 916 4453 nou
933 4389 1037 4454 solum
1056 4393 1247 4476 grandiores
1305 4414 1368 4479 que
1390 4392 1572 4478 perniciem
1594 4389 1707 4468 luere,
1729 4393 1881 4472 nimirum
1900 4411 1936 4459 ot
1959 4419 2051 4462 aver·

502 4483 683 4560 animantes
714 4513 831 4559 cervus
859 4507 914 4558 aut
940 4514 1079 4578 caprea,
1109 4495 1248 4560 sedvel
1305 4517 1342 4560 su
1365 4519 1383 4560 a
1404 4493 1630 4559 communibus
1666 4493 1759 4558 malis
1796 4497 1903 4560 animo
1933 4501 2050 4584 quibus

500 4599 658 4661 minimus
680 4593 888 4660 catellusaut
908 4597 1095 4682 lepusculus
1115 4621 1132 4662 a
1152 4611 1248 4684 tergo
1308 4611 1442 4682 possent
1462 4596 1567 4661 modis
1585 4595 1748 4660 fastidiunt
1768 4597 1922 4663 lenirent.
1966 4603 2050 4664 Sane

534 4805 565 4876 s)
585 4767 622 4862 de
640 4799 784 4879 Agricull.
