4430 5564
940 609 960 622 ,.
1032 491 1036 496 ’
1106 545 1301 626 carun
1334 545 1456 620 xmr.

1053 1063 1500 1173 sEcT1ou

503 1377 587 1440 us
631 1349 1203 1438 uacssrnarrnvs
1246 1366 1310 1430 ru
1352 1364 1560 1436 uvurs
1598 1361 2056 1432 conousanvu

947 1523 1030 1588 ur
1071 1517 1607 1593 navuscu‘nonvss
1662 1515 1666 1524 ’
1748 1505 1760 1514 ·

571 1904 731 1984 'Vturhas
748 1881 893 1982 Graecae
919 1920 994 1966 suos
1015 1900 1096 1968 varii
1120 1898 1251 1986 generis
1308 1896 1437 1976 va,
1461 1917 1526 1983 quo
1550 1896 1648 1963 morlo
1671 1897 1767 1964 etiam
1790 1917 1853 1984 pro
1874 1899 1944 1974 118,
1971 1918 2056 1982 quae

452 2051 455 2063 .
508 2007 730 2090 magistratus,
752 2003 943 2082 archontes,
964 2017 1152 2088 praetcrea,
1173 2002 1253 2066 scri·
1309 2015 1360 2066 cat
1377 2001 1520 2066 sestertii
1535 2015 1629 2079 nota,
1654 2019 1753 2083 saepe
1772 1999 1926 2064 scribitur
1941 2001 1999 2061 HS
2021 2001 2055 2061 ia

503 2109 563 2171 has
584 2122 650 2174 etc.
673 2111 706 2170 in
729 2121 860 2172 moneta
878 2127 933 2168 sua
951 2102 1183 2190 prodiderunt,
1205 2103 1251 2166 sic
1309 2100 1524 2168 marmoribus
1548 2115 1583 2166 et
1607 2122 1706 2166 numo
1733 2101 1893 2166 Hadriani
1917 2121 2058 2167 comma·

509 2224 543 2274 et
564 2210 720 2274 coloniae
751 2223 785 2272 ct
814 2205 987 2289 municipia
1016 2225 1104 2270 suos.
1140 2205 1251 2270 Fuere
1278 2257 1283 2276 .
1308 2205 1350 2268 tia
1380 2203 1528 2267 Romani.
1571 2204 1647 2266 Non
1681 2223 1758 2266 raro
1794 2202 1892 2267 ctiam
1931 2203 2055 2287 absque

508 2323 614 2375 autem
644 2309 761 2374 summi
787 2309 821 2371 in
849 2309 900 2371 his
926 2307 1132 2390 magistratus
1161 2305 1269 2372 varic'
1310 2304 1404 2374 uviri
1437 2317 1514 2368 nota
1550 2303 1638 2368 nuda
1674 2305 1851 2372 ltrircrun
1892 2319 2058 2390 ponuntur

508 2412 653 2475 nominc.
682 2408 890 2492 Spartianus,
913 2428 987 2473 cum
1001 2409 1110 2473 varios
1128 2405 1169 2472 ab
1187 2409 1254 2472 Ha·
1309 2407 1452 2472 uomina.
1501 2407 1725 2492 Reperiuutur
1764 2423 1845 2475 vcro
1888 2407 1981 2476 uviri
2021 2407 2057 2468 in

510 2510 625 2576 driaco
646 2510 782 2576 honoris
810 2529 893 2593 ergo
920 2509 955 2572 iu
981 2507 1117 2573 urbibus
1145 2507 1253 2572 obitos
1309 2508 1416 2572 numia
1499 2578 1506 2593 ⁸

507 2612 713 2698 magistratus
748 2621 1002 2689 commemorat,
1035 2631 1095 2694 par
1125 2611 1254 2674 Latina

506 2717 644 2797 oppidu,
677 2711 799 2798 inquit,
833 2713 980 2775 dictator
1008 2724 1042 2775 ct
1070 2713 1191 2774 aedilis
1219 2721 1253 2774 ct

508 2819 661 2880 duumvir
671 2816 765 2901 fulla
794 2847 809 2861 ·
884 2817 922 2876 in
938 2815 1055 2896 putria
1075 2831 1138 2875 suu
1160 2813 1254 2891 quin·

508 2917 695 2996 orrannulis·
716 2917 766 2996 (in
787 2914 980 2996 Hadriano.)
1016 2915 1116 2976 Plura
1143 2933 1254 2977 exem·

508 3019 564 3102 pla
594 3017 658 3082 alia
688 3001 826 3101 collegit
857 3013 1106 3079 Chimentellius
1131 3015 1172 3097 ¹).
1216 3016 1254 3078 ln

504 3117 615 3182 onmia
652 3119 833 3202 praesentis
875 3115 1060 3201 argumenti
1095 3114 1253 3178 habemus

506 3219 712 3302 magistratus
748 3216 947 3284 domesticos
969 3218 1003 3282 i.
1039 3217 1174 3295 livitus,
1213 3220 1253 3284 ll.

508 3307 795 3414 quinquennales,
825 3321 880 3384 ΙΙΙ.
902 3316 1093 3382 Praefectos
1116 3317 1253 3396 lterirus,

508 3425 566 3490 tv.
584 3422 750 3499 llllviroa„
776 3419 819 3489 V.
838 3419 993 3496 sedites,
1018 3418 1075 3486 v1.
1094 3418 1254 3501 uacario-

508 3543 586 3601 ποι..
618 3523 660 3586 sle
686 3521 805 3607 quibus
830 3521 980 3586 omnibus
1006 3517 1193 3602 sigillatim,
1221 3533 1255 3584 ut

506 3626 618 3710 paucis
635 3623 814 3709 agendum,
834 3621 957 3688 namin
975 3617 1090 3684 caelans
1105 3619 1166 3686 hac
1182 3641 1256 3686 cau·

509 3746 544 3788 aa
572 3725 636 3806 jam
664 3726 729 3792 siri
756 3721 966 3790 celeberrimi
989 3719 1137 3786 Norisiua
1162 3720 1194 3808 b)
1212 3735 1256 3790 at

508 3826 684 3892 Florcziua
707 3828 737 3910 α)
748 3825 883 3911 copiosi
902 3823 1047 3890 fuerunt.

775 4061 810 4153 5
825 4065 852 4130 1.
873 4062 989 4127 llviri.

571 4215 735 4297 Notantnh
746 4229 782 4294 hi
797 4231 830 4294 in
846 4209 952 4296 numia
970 4229 1092 4315 scripto
1107 4233 1180 4301 ΙΝ.
1199 4231 1253 4300 rel

505 4337 627 4436 IMR.
670 4335 708 4398 ln
735 4335 841 4399 numia
869 4334 976 4399 Oscae
1005 4332 1087 4399 duae
1114 4337 1254 4401 unitates

509 4441 598 4505 linea
639 4451 824 4505 transuersa
865 4435 1080 4521 colligantur,
1132 4458 1253 4522 nempe

1372 2608 1455 2674 Acci
1472 2609 1737 2674 Tarraconensia.

1374 2710 1551 2795 Agrigenti
1572 2711 1715 2776 Siciliae.

1373 2812 1506 2875 Bilbilis
1523 2813 1787 2877 Tarraconensis.

1373 2914 1527 2982 Buthroti
1540 2914 1651 2998 Epiri.

1375 3017 1650 3098 Caesaraugustae
1669 3016 1934 3084 Tarraconensia.

1374 3117 1561 3201 Calagurris
1581 3119 1846 3182 Tarraconensia.

1374 3216 1576 3302 Carthaginis
1594 3221 1707 3283 Norae
1726 3221 1992 3288 Tarraconensia.

1374 3320 1580 3404 Carthaginis
1597 3320 1731 3386 Veteris
1750 3320 1892 3386 Africae.

1374 3421 1491 3488 Celsae
1510 3422 1774 3488 Tarraconensia.

1365 3522 1523 3588 Corinthi
1539 3523 1692 3588 Achaiae.

1373 3627 1535 3690 Dertosae
1554 3625 1820 3690 Tarraconensis.

1374 3727 1491 3792 Enuac
1510 3725 1655 3806 Siciliae,-

1375 3827 1554 3894 Ercavicac
1572 3827 1837 3893 Tarraconensis.
1946 3831 1954 3848 ⁸

1370 3928 1443 3992 ilici
1461 3930 1729 3997 Tarraconensis.

1372 4030 1475 4094 luliac
1494 4029 1659 4098 Baeticae.

1367 4132 1487 4216 Leptis
1508 4132 1666 4215 Syrticae.

1370 4232 1512 4298 Onubac
1530 4235 1697 4301 Baeticae.

1368 4335 1482 4402 ‘Oecac
1503 4336 1770 4402 Tarraconensis.

1372 4439 1484 4504 Paesti
1501 4439 1676 4504 Lucaniae.

548 4708 580 4778 a)
600 4702 844 4766 Dchcn.hiscll.
864 4713 927 4765 ct·
1002 4703 1043 4777 h)
1064 4703 1243 4764 Ceuctfflis.
1261 4702 1366 4774 dits-l.
1384 4718 1486 4784 caps.
1567 4708 1600 4780 c)
1618 4699 1920 4780 Medulliam.
1936 4679 2056 4782 1³?ss
2188 4667 2189 4680 l

509 4813 570 4872 seq.
