4446 5570
560 551 635 622 ua
672 550 959 626 cuauacr.
997 549 1385 627 cuaououoc
1676 505 1747 658 too

207 719 364 806 principia
382 718 443 782 init
464 719 653 803 imperium,
681 723 775 806 quale
792 719 854 782 luit
870 721 954 784 Ner·
1009 741 1100 795 rum,
1134 719 1261 804 quibua·
1277 723 1384 788 vicina
1412 723 1530 808 oppida
1558 747 1634 792 uaae
1663 743 1753 805 aunt,

209 843 287 902 ree,
320 825 375 886 rel
401 821 559 898 hienrici,
587 836 675 884 teuto
702 823 822 886 arctiua
852 823 953 885 utriu-
1009 823 1085 887 tatia
1120 836 1190 886 tuto
1223 823 1439 888 atebiliuntur.
1483 826 1539 891 Sic
1570 831 1606 893 ai·
1629 831 1754 914 epocha
1854 855 1858 864 ·

208 939 272 1008 que
305 943 403 988 aerae
433 924 604 988 exordium
640 922 799 987 cohiberi.
844 923 953 987 Habe·
1010 924 1187 1008 cujuepiam
1225 926 1352 1007 Syriae·
1376 927 1442 990 late
1479 943 1626 1012 aumptae
1662 932 1754 994 urbia

208 1045 280 1088 mua
308 1025 496 1110 exemplum
523 1025 607 1087 initii
629 1045 726 1088 aerae
746 1025 787 1088 eb
810 1047 876 1090 une
897 1045 953 1089 ee·
1009 1024 1146 1090 fluctuet
1174 1047 1277 1110 prope
1307 1049 1424 1089 aunum
1447 1027 1489 1094 V.
1507 1029 1543 1092 C.
1564 1040 1656 1107 equ„
1688 1053 1754 1118 quo

208 1124 349 1212 demque
377 1147 477 1190 nunao
506 1127 626 1190 invicte
654 1127 885 1204 demonstrati,
913 1125 952 1188 il·
1007 1129 1118 1212 coepit
1155 1147 1230 1192 aera
1264 1129 1531 1206 Seleucidarum,
1569 1133 1625 1196 vel
1662 1133 1752 1216 beo„

208 1228 264 1290 lud
285 1228 390 1312 ipaum
412 1247 531 1312 nempe
553 1228 643 1290 numi
662 1228 951 1293 Antiochenicum
1008 1231 1064 1314 qui
1091 1251 1192 1294 annua
1223 1229 1284 1292 fuit
1305 1231 1474 1293 exordium
1496 1251 1592 1296 aerae
1615 1235 1755 1318 Pompe·

206 1329 311 1412 eapite
334 1329 476 1394 Othonia
496 1343 531 1396 et
552 1349 636 1392 anno
665 1351 733 1410 ¹¹7·
763 1329 872 1414 paullo
899 1351 952 1393 au·
982 1331 1115 1413 ·jauae,
1140 1330 1290 1416 quoniam
1313 1333 1650 1417 utrimque-epochae
1670 1338 1753 1398 mil·

205 1449 265 1514 pre
293 1431 436 1498 citatum.
480 1431 642 1525 Quoniam
675 1429 816 1494 Othonia
849 1432 953 1514 impe·
1007 1443 1058 1493 tae
1089 1431 1151 1494 luit
1181 1432 1215 1494 iu
1245 1433 1338 1513 Syria
1370 1455 1467 1510 uana,
1510 1437 1635 1517 poteria
1670 1442 1753 1504 eitra

205 1532 291 1598 rium
308 1545 429 1596 tantum
449 1555 467 1596 a
485 1533 594 1595 medio
612 1533 759 1594 Ianuario
782 1553 885 1618 utque
910 1533 950 1596 ad
1007 1533 1133 1594 erroris
1152 1533 1335 1616 periculum
1352 1553 1464 1610 aerae,
1482 1535 1515 1596 iu
1533 1557 1627 1618 quem
1644 1540 1751 1622 inqui·

205 1635 348 1697 medium
371 1633 520 1717 Aprilem
545 1631 620 1696 unni
645 1633 738 1699 CC.
759 1631 832 1700 Cau.
858 1634 952 1698 dura·
1006 1635 1070 1709 ria,
1110 1633 1281 1697 exordium
1311 1634 1461 1697 alterutri
1490 1635 1752 1705 adcommodare.

205 1735 268 1812 vit,
290 1733 405 1799 ablatio
427 1733 504 1796 inde
528 1735 619 1797 annia
639 1757 715 1816 ιι7,
738 1735 872 1800 eridena
890 1749 950 1813 eat,
1007 1733 1114 1796 Simili
1134 1733 1233 1798 modo
1254 1736 1316 1800 riri
1338 1733 1457 1796 eruditi
1479 1735 1671 1802 fluctuantea
1699 1763 1753 1803 ur·

204 1854 301 1900 aerae
330 1836 556 1900 Antiocheno
588 1837 782 1919 principium
820 1837 860 1900 ab
897 1859 951 1900 au·
1005 1834 1096 1900 bium
1126 1835 1224 1899 Ponti
1259 1849 1295 1899 et
1329 1835 1463 1902 Ciliciae
1501 1857 1593 1902 aerea
1632 1842 1752 1904 arabili·

205 1947 318 2002 tumne
356 1938 399 2006 V.
426 1939 463 2002 C.
499 1941 573 2020 705.
610 1937 805 2004 ducendum.
857 1938 949 2002 leam
1007 1955 1097 2002 vere.

205 2039 391 2116 obtinetur,
431 2057 505 2102 oum
541 2060 623 2103 unua
658 2038 812 2125 idemque
847 2061 958 2104 annue
1066 2039 1123 2106 Ν.
1155 2037 1335 2102 Commode
1364 2039 1462 2104 etiam
1490 2042 1635 2124 epochae
1657 2065 1752 2108 exor-

205 2142 311 2204 uumie
348 2139 487 2204 <luorum
521 2143 765 2225 Arguatoruru,
799 2141 854 2225 qui
886 2139 949 2202 eibi
1005 2139 1094 2203 aliurn
1126 2139 1327 2222 aliquateuua
1355 2140 1657 2226 regum'hiatoriae
1679 2145 1757 2208 rub

204 2243 353 2326 proxime
376 2233 586 2319 aucceaaere,
617 2243 791 2324 inscriptus
815 2243 946 2326 legitur.
983 2241 1091 2305 ·aialio
1115 2261 1346 2325 nonnunquam
1374 2244 1558 2311 cohibetur.
1598 2247 1653 2309 Sic
1674 2247 1751 2312 Bel·

203 2344 259 2406 ste
288 2343 322 2405 iu
350 2346 456 2406 numia
479 2344 610 2426 Trajani
637 2358 671 2406 et
698 2343 855 2406 Hadriani
875 2345 948 2408 'Pri-
984 2343 1096 2424 ·leyua
1125 2342 1284 2424 epocham
1306 2343 1628 2431 Cybirae‘Phrygiae
1663 2347 1751 2412 inter

203 2445 271 2528 poli
300 2445 483 2509 Phoenicen
513 2445 688 2528 pereuntia
707 2445 829 2529 legitur
858 2444 947 2507 idem
1003 2465 1112 2508 annor
1139 2444 1180 2512 V·
1203 2444 1240 2508 C.
1271 2445 1345 2527 776.
1375 2469 1450 2530 777.
1483 2450 1557 2532 778.
1594 2447 1750 2514 fluctuen-

203 2567 305 2608 anuua
329 2541 438 2608 HKT.
468 2549 540 2623 quil.
583 2551 732 2611 Mortuua
759 2561 810 2612 eat
838 2548 949 2628 Traja·
1002 2559 1071 2607 tem
1094 2544 1134 2608 ati
1157 2566 1274 2608 aunum
1296 2545 1370 2628 776.
1394 2547 1484 2625 fixit,
1514 2549 1589 2634 quia
1610 2552 1677 2614 hoe
1697 2572 1751 2614 an·

203 2667 262 2710 nua
292 2667 407 2712 nreuae
432 2649 581 2732 Augusto
609 2650 652 2717 V.
670 2649 706 2712 C.
729 2651 821 2731 b7o.,
850 2651 957 2733 eique·
1003 2668 1047 2709 uo
1070 2660 1153 2710 teate
1178 2647 1292 2710 Tacito
1314 2647 1436 2712 civitati
1458 2650 1662 2734 Cibyraticae
1684 2667 1751 2716 ter·

201 2749 356 2814 continuo
405 2751 563 2814 auoceeeit
603 2749 807 2812 Hadriam,
854 2751 956 2832 Ergo·
1004 2769 1060 2811 rae
1086 2762 1175 2810 motu
1197 2747 1346 2811 adflictae
1365 2751 1538 2815 a'l'iberio
1555 2753 1750 2820 rubrentum

200 2851 335 2914 aublatia
364 2850 441 2913 inde
470 2853 560 2912 annia
590 2853 663 2927 tue.
694 2865 819 2913 certum
850 2850 947 2912 habe·
1002 2849 1082 2928 init,
1113 2850 1291 2914 retinuero
1314 2851 1468 2914 aliorsum
1497 2869 1640 2932 coratat,
1671 2855 1750 2920 ciri·

201 2971 273 3014 mua
302 2971 398 3014 aerae
426 2951 650 3036 Tripolitanae
677 2952 813 3014 initium,
832 2951 864 3012 in
892 2973 947 3014 eu·
1003 2965 1084 3014 tatea
1117 2974 1135 3015 a
1166 2949 1371 3012 memorabili
1402 2953 1540 3035 quodam
1573 2955 1661 3019 iacto
1691 2975 1749 3018 no·

200 3067 313 3114 tumne
336 3053 375 3120 V.
392 3053 428 3116 C.
451 3061 524 3128 44².
567 3052 657 3114 ldem
682 3067 824 3135 praeatat
844 3075 946 3116 annua
1002 3073 1075 3117 ram
1113 3071 1220 3114 aeram
1256 3052 1456 3134 nutricatur,
1494 3055 1536 3116 de
1573 3075 1638 3140 quo
1674 3057 1748 3120 ride

198 3146 416 3216 salceta.
446 3153 619 3236 inacriptua
655 3157 760 3217 numia
795 3154 943 3236 ejusdem
1001 3153 1088 3216 dicta
1117 3152 1151 3214 iu
1182 3166 1312 3215 moneta
1343 3155 1438 3235 hujua
1472 3154 1573 3220 urbia.
1618 3156 1749 3220 Eodem

199 3254 345 3336 Tripolin
363 3275 436 3317 cum
457 3256 563 3338 capite
584 3267 617 3318 et
633 3257 801 3338 Elagabali
819 3269 852 3318 et
870 3257 945 3318 Ale·
1001 3255 1102 3318 modo
1130 3255 1270 3338 epochae
1299 3255 1378 3318 aliae
1406 3255 1520 3317 aolidia
1549 3257 1748 3338 conjectoria

197 3355 314 3418 :andri
335 3355 463 3422 Severi.
502 3358 583 3419 Cum
607 3357 869 3419 nonusnullum
897 3357 945 3420 oi·
1002 3371 1095 3422 certo
1124 3376 1209 3420 uuuo
1239 3354 1359 3420 adfixae
1386 3357 1463 3420 aetia
1491 3377 1553 3442 per
1579 3358 1643 3422 hoc
1666 3377 1748 3442 epua

196 3461 263 3528 liert
285 3459 508 3524 characterem
532 3459 802 3542 chronologicum
828 3457 947 3535 lirum,
1001 3458 1151 3526 vidimus.

197 3560 286 3647 qued
308 3561 483 3645 praecipue
505 3560 541 3622 lit
563 3562 597 3621 iu
618 3563 723 3624 numia
746 3559 942 3636 autonomia,
1063 3561 1106 3628 V.
1139 3559 1184 3626 Vt
1205 3579 1286 3642 vege
1308 3559 1505 3645 epocharum
1528 3559 1618 3624 initia
1641 3559 1746 3625 mealia

197 3683 255 3727 eeu
277 3664 334 3747 qui
353 3665 479 3725 nullum
500 3663 644 3726 offerunt
660 3665 749 3745 regia
766 3663 821 3726 rel
836 3661 944 3746 Augu·
1000 3663 1096 3726 alletia
1115 3675 1248 3744 poaaunt
1265 3663 1434 3738 coerceri,
1455 3662 1501 3724 aic
1518 3677 1552 3725 et
1565 3663 1642 3738 alia,
1663 3684 1747 3748 quae

196 3764 255 3840 ati,
292 3766 347 3829 rel
385 3766 605 3850 cujuscunque
641 3764 797 3848 principia
831 3775 942 3846 caput,
1000 3765 1040 3828 ab
1061 3764 1196 3828 eruditis
1217 3763 1466 3827 recreatabittu
1489 3764 1546 3826 diu
1569 3765 1748 3828 credeban·

196 3881 265 3928 tum
298 3867 492 3950 plerumque
523 3859 578 3930 aut'
608 3865 750 3930 difficilia
780 3879 848 3938 eet,
888 3867 943 3927 aut
999 3881 1071 3942 tur,
1103 3884 1263 3956 nouorum
1285 3884 1460 3927 numerum
1483 3885 1546 3948 ope
1569 3869 1747 3931 certiorem

178 3969 367 4052 'deaparata
391 3969 424 4030 iu
449 3991 545 4032 aerae
569 3970 740 4031 exordium
763 3967 940 4054 inquisitio.
997 3967 1111 4031 aedem
1135 3977 1210 4029 aunt
1231 3979 1334 4030 nacta.
1372 3965 1427 4030 Sic
1451 3968 1556 4030 aerius
1580 3985 1747 4034 correctae

196 4071 360 4153 Exemplo
378 4085 472 4134 eunto
495 4073 584 4134 numi
602 4069 821 4132 Alexandriae
840 4073 942 4132 Troa-
997 4070 1098 4132 iuisae
1128 4091 1220 4132 aerae
1253 4068 1415 4132 Ameriae
1433 4070 1550 4146 Ponti,
1582 4073 1747 4137 Anazarbi

195 4173 246 4236 dia
285 4195 360 4238 cum
398 4175 578 4258 epigraphe
618 4165 940 4234 ΑΠΟΛΛΩΝΟΣ.
999 4173 1154 4251 Ciliciae,
1185 4173 1385 4254 aliarumque
1411 4171 1647 4254 complurium,
1680 4175 1746 4237 auia

195 4271 438 4344 theEssE.
472 4291 506 4337 et
535 4273 633 4336 rar-iia
660 4271 806 4354 epoeliae
834 4273 940 4348 annia,
998 4277 1080 4340 locis
1102 4275 1277 4356 perepicue
1299 4271 1414 4336 ridere
1438 4273 1526 4337 licet.

193 4389 228 4439 et
253 4391 445 4440 autonomua
467 4377 653 4460 Hyrgaleae
678 4374 841 4458 Phrygiae
867 4394 941 4438 cum
1063 4378 1119 4444 Vl.
1160 4373 1618 4470 Quemadmodum-epochae
1647 4375 1747 4438 hiato·

190 4497 277 4542 anuo
296 4476 406 4544 ΤΞΕ.
425 4477 501 4543 365.
980 4479 1066 4542 ·riae
1092 4476 1290 4540 adminiculo
1317 4489 1440 4538 certam
1467 4476 1637 4557 atptiocetn
1665 4477 1747 4541 obti-

254 4581 310 4644 111.
352 4581 513 4663 Epochae
538 4600 601 4664 per
631 4577 754 4662 aliquot
787 4579 940 4644 duntaxat
985 4593 1147 4657 -nent,ut
1164 4599 1240 4642 mon
1257 4577 1542 4653 ostendimua,eic
1561 4591 1595 4642 et
1611 4579 1747 4644 biatoria

118 4767 125 4774 ι
190 4695 291 4746 annor
317 4703 418 4765 vagae
444 4703 541 4766 caepe
564 4701 628 4766 ope
646 4683 782 4748 aliarum
801 4685 939 4766 cpoclia·
997 4683 1138 4748 vicissim
1165 4702 1207 4744 ex
1235 4681 1371 4764 epochis
1401 4680 1464 4742 rite
1493 4679 1642 4747 stabilitia
1670 4683 1748 4745 inei·

252 4806 345 4885 (Vol.
363 4805 441 4882 JV.)
1401 4801 1429 4862 F
1452 4799 1468 4861 f
1486 4801 1503 4862 l
