4444 5558
1007 529 1201 606 REGES
1233 529 1504 604 AEGYPTI.

787 701 935 768 Numi.-
1052 705 1055 712 '
1284 698 1349 762 trui
1371 699 1553 764 Ptolemaei
1573 699 1643 770 vlt.
1686 701 1874 786 Euergetas
1900 699 2026 766 inuictis

1284 803 1535 883 interemptum,
1557 817 1593 866 et
1614 805 1807 889 Cleopatras
1828 805 1930 880 duas,
1951 827 2028 891 qua·

550 906 806 972 ‘I'etredraelrmi
837 905 979 992 quinque
1011 903 1116 968 solitis
1143 902 1227 986 typis
1285 925 1357 967 rum
1379 896 1481 990 mejor'
1500 905 1690 988 lantgerus
1714 905 1770 968 illa
1791 905 1893 996 ¹trium
1912 908 2026 992 Syriae

485 1007 678 1098 Ptolemaeo
702 1006 866 1093 Epipheni
891 1007 1005 1076 tribuit
1024 1005 1228 1083 Vaillantius,
1285 1025 1400 1090 regum
1417 1025 1501 1070 uxot
1522 1005 1625 1070 alilio
1642 1006 1806 1072 Antiocho
1821 1009 1909 1076 VIII.
1933 1029 2028 1076 caesa

484 1111 519 1172 in
535 1110 653 1195 quibus
672 1110 787 1194 scripti
807 1121 881 1172 sunt
902 1109 978 1172 anni
992 1107 1073 1203 inda,
1091 1129 1109 1172 e
1130 1108 1172 1172 L.
1187 1107 1229 1173 A.
1286 1119 1348 1176 cst.
1369 1099 1458 1181 Vide
1472 1129 1588 1178 numos
1605 1099 1723 1198 legum
1739 1109 1864 1197 Syrico.

487 1234 563 1276 cum
581 1211 697 1277 mediis
714 1229 816 1296 usqne
835 1207 878 1274 sti
893 1211 932 1272 L.
949 1208 1018 1272 KB.
1056 1209 1148 1274 Sitne
1167 1205 1231 1273 viri

486 1314 681 1398 praestantis
710 1313 876 1402 criterium
904 1311 973 1392 ejus
997 1322 1156 1384 naturae,
1193 1319 1230 1372 ut

487 1417 604 1480 fallere
622 1437 687 1480 non
706 1415 825 1500 possit,
847 1411 1015 1496 inquirere
1039 1429 1105 1473 non
1126 1408 1229 1489 lubet,

487 1524 562 1582 na'm
595 1519 669 1604 plus
692 1517 733 1581 aul
757 1513 1004 1579 contendendus
1028 1531 1146 1576 numos
1174 1511 1231 1575 ha·
1310 1565 1314 1570 .
1354 1517 1462 1599 Caput
1480 1518 1570 1600 regis
1590 1499 1826 1584 diadematum.
1861 1511 2031 1580 ῑΒΑΣΙ-

488 1619 559 1681 buit
581 1619 673 1703 opis,
694 1639 731 1683 ae
753 1630 925 1700 praeterea
947 1615 980 1676 in
1000 1613 1145 1684 vultuum
1167 1614 1230 1678 cri·
1286 1614 1440 1683 Ateste,
1463 1614 1796 1688 IITOAEMAIOI'.
1819 1611 2032 1681 ‹btltoMtt-

488 1721 573 1784 tenio
591 1721 712 1783 ceteris
733 1719 856 1782 acutius
878 1716 984 1800 potuit
1006 1715 1133 1782 videre.
1169 1717 1231 1779 'Pa-
1289 1716 1454 1784 ΤΟΡΟΣ.
1473 1717 1607 1784 ΘΕΟΤ.
1640 1721 1771 1798 Aquila
1783 1721 1931 1806 fulmini
1951 1722 2032 1784 iosi-

487 1841 565 1894 men
594 1822 706 1883 mirari
734 1820 843 1895 subit,
874 1839 1007 1880 numum
1038 1819 1231 1901 inscriptum
1287 1831 1378 1884 stent
1397 1840 1470 1883 eum
1489 1823 1678 1883 traiseerso
1693 1823 1827 1903 polmus
1850 1842 1964 1899 ramo,
1984 1823 2033 1884 ln·

406 1957 421 1981 .
487 1924 528 1988 1..
546 1923 584 1988 A.
604 1922 680 1985 hnic
698 1920 797 1984 tribui
814 1918 906 2004 regi,
929 1919 984 2002 qni
1007 1919 1113 2003 primo
1135 1917 1232 2002 regni
1277 1922 1343 2005 fra
1363 1921 1404 1988 1..
1425 1919 1464 1988 A.
1496 1921 1567 1984 AR.
1581 1921 1605 1986 I.
1629 1922 1815 2006 (Vaillent.)

488 2041 574 2088 enno
591 2021 721 2085 nonnisi
739 2019 925 2106 quadrimus
946 2033 999 2081 aut
1015 2019 1232 2105 quinquennis
1355 2025 1461 2102 Caput
1485 2023 1574 2086 Iovis
1592 2025 1830 2088 diadematum.
1858 2019 1882 2082 Ξ
1907 2015 2035 2085 Bm·

488 2124 568 2201 luit,
581 2125 706 2207 picture
720 2121 827 2199 numi,
843 2134 879 2183 nt
893 2119 1006 2186 videre
1024 2122 1126 2186 cnivis
1142 2121 1232 2200 linet,
1287 2117 1440 2188 ΛΕΩΣ.
1466 2118 1798 2189 ΠΤΟΛΕΜΑΙΟΤ.
1835 2127 1966 2204 Aquilo
1983 2127 2033 2190 ins

490 2224 621 2292 vitilem
639 2223 772 2288 omnino
791 2235 928 2286 aetatem
946 2221 1120 2306 prodente.
1287 2228 1410 2288 sistens
1422 2225 1588 2308 fulmini,
1609 2231 1646 2287 in
1669 2245 1749 2288 eren
1776 2227 1816 2286 L.
1830 2219 1909 2293 ΛΔ.
1928 2240 1961 2291 st
1980 2225 2036 2292 ba·

1287 2328 1459 2391 laertium.
1489 2326 1612 2392 Aen.
1634 2325 1824 2409 (Pellerin.)

1349 2427 1490 2490 Numum
1507 2427 1656 2512 prlorem
1668 2447 1740 2491 esse
1756 2427 1852 2510 hujus
1867 2423 1977 2511 regis,
1997 2429 2036 2492 tl·

493 2527 797 2596 tectumve
829 2528 887 2598 Vl.
926 2525 1237 2594 PHILOIIETOR.
1292 2529 1380 2592 tulus
1400 2521 1758 2592 ΦΙΛΟΜΗΤΟΡΟΣ
1774 2528 1906 2596 evincit.
1939 2529 2036 2615 Cepit

799 2629 928 2698 Deve.
1292 2631 1358 2694 hoe
1379 2649 1499 2694 nomen
1525 2629 1560 2691 in
1573 2631 1691 2693 mattis
1709 2632 1863 2715 gratiam,
1884 2631 1919 2694 in
1944 2632 2035 2716 cujus

1292 2733 1543 2811 meminerat,
1567 2734 1709 2797 alterum
1726 2727 1848 2796 ΘΕΟΤ
1869 2733 2044 2810 nultoesvit¹

558 2831 785 2930 Quinquennis
820 2832 881 2896 sub
908 2832 1072 2896 tutoribus
1095 2850 1237 2917 regnare
1292 2835 1439 2912 vanitas,
1475 2834 1555 2916 jaun¹
1576 2832 1742 2897 nonnullis
1771 2835 2039 2917 praecedentium

492 2935 620 3019 incipit.
669 2933 927 3020 Recuperaudae
955 2935 1164 3018 Coelesyriae
1191 2935 1239 2998 in·
1296 2938 1560 3002 Ptolemaeorum
1599 2937 1766 3002 tributum.
1810 2939 1847 3000 ln
1875 2954 2039 3003 marmore

495 3049 604 3100 tentus
623 3032 662 3099 ult
683 3035 844 3100 Antiocho
863 3038 920 3105 tv.
937 3035 1097 3114 vincitur,
1120 3034 1176 3121 qni
1195 3036 1240 3103 vi·
1295 3037 1381 3123 apntl
1403 3037 1550 3125 Cltishull
1575 3040 1604 3119 ⁸)
1633 3037 1775 3124 legitur-t
1810 3035 2036 3106 ΒΑΣΙΛΕΑ.

493 3137 619 3203 'ctoriae
644 3139 768 3201 fractus
792 3138 908 3224 legens
924 3140 1110 3223 Aegyptum
1136 3139 1240 3226 ipsam
1297 3137 1631 3204 IITOAEMAION.
1682 3140 1774 3206 ΚΑΙ.
1826 3135 2042 3204 ΒΑΣΙΛΙΣ

496 3253 645 3324 oceupat.
687 3239 868 3304 Restitutns
891 3239 1041 3325 abipso,
1065 3241 1121 3328 qui
1139 3261 1242 3326 pepu-
1296 3237 1411 3307 ΣᾹΝ.
1425 3237 1762 3304 ΚΛΕΟΠΑΤΡΑΝ.
1778 3241 1886 3307 ΤΗΝ.
1902 3238 2043 3306 MEA-

1583 1350 1734 1418 Numi:

496 3344 605 3419 leret,
634 3341 729 3406 ltoste
760 3344 895 3406 Iratrem
922 3344 1147 3406 Ptolemaeum
1168 3346 1240 3410 vlt.
1297 3339 1415 3410 ΦΗΝ.
1453 3337 1622 3408 ΘΕΟΤΣ.
1668 3329 2041 3410 ΦΙΛΟΜΗΤΟΡΑΣ.

493 3447 532 3507 'in
553 3442 650 3526 regni
674 3447 935 3507 eommunIonem
961 3459 1077 3521 vocet,
1111 3445 1171 3507 sed
1199 3445 1239 3509 ab
1298 3447 1446 3510 Aeaeum
1464 3445 1603 3507 alterum
1627 3443 1703 3506 hnic
1722 3441 1795 3527 regi
1813 3442 1953 3529 largitur
1967 3445 2042 3508 Pal·

497 3543 563 3626 lnce
582 3543 709 3626 ejectus
726 3545 863 3607 Romam
883 3543 985 3628 sugit,
1008 3566 1084 3605 mox
1111 3561 1240 3608 senatus
1298 3537 1436 3610 lerinins
1461 3557 1597 3628 propter
1613 3564 1730 3606 annum
1749 3539 1834 3622 ΛΔ,
1855 3567 1931 3610 nam
1954 3545 2044 3612 tlem-

499 3643 691 3709 anctoritate
725 3645 786 3708 ltae
813 3643 889 3726 Iege
925 3645 1014 3707 inter
1046 3645 1242 3708 dissidentes
1299 3647 1364 3731 ptis
1393 3645 1519 3710 duobus
1557 3643 1671 3728 primia
1696 3646 1896 3713 Ptolemaeis
1934 3651 2044 3716 nullus

499 3745 618 3809 fratres
638 3765 699 3827 per
719 3744 947 3822 constituitur,
978 3760 1013 3808 ut
1037 3747 1243 3810 Philometor
1300 3769 1526 3813 successorum
1546 3760 1595 3813 tot
1614 3767 1716 3811 annos
1733 3751 1894 3834 regnavit.

500 3837 684 3931 Aegiptum
705 3866 779 3909 cnm
795 3845 921 3930 Cypro,
944 3847 1046 3912 frater
1060 3851 1243 3934 Euergetes
1364 3853 1502 3915 Praeter
1525 3847 1800 3914 tetradraohmum
1820 3851 1951 3916 citatum
1974 3855 2045 3918 nul·

497 3947 635 4032 Libyam
658 3962 731 4011 curn
754 3947 882 4030 Cyrene
912 3948 1089 4020 obtineret.
1132 3953 1245 4018 Antio·
1301 3957 1369 4018 lum
1390 3951 1477 4017 slintl
1492 3953 1618 4036 reperit
1634 3952 1845 4031 Veillantius‚
1867 3955 1955 4040 qnod
1970 3956 2046 4020 Phi·

502 4051 566 4116 olto
582 4050 637 4117 tv.
654 4049 766 4132 Syriae
781 4069 863 4134 roge
881 4049 945 4116 vite
964 4051 1076 4118 iuncto
1093 4054 1163 4139 ipse
1178 4069 1245 4118 tur·
1301 4055 1456 4120 lometori
1477 4054 1648 4118 tribueret.
1690 4055 1734 4119 Et
1753 4067 1861 4119 tamen
1885 4057 2044 4124 verisimi-

502 4153 616 4236 barum
643 4173 757 4236 magna
787 4173 861 4236 pars
891 4151 971 4231 tuit,
1008 4155 1125 4240 quibus
1151 4157 1245 4242 Syrie
1302 4160 1336 4224 le
1358 4171 1440 4233 eat,
1471 4157 1557 4220 intra
1591 4176 1692 4224 annos
1719 4157 1887 4238 XXXIV„
1928 4161 2044 4244 quibua

502 4253 573 4320 aliia
591 4252 724 4340 regibus
740 4251 871 4338 ejectis,
887 4255 959 4319 aliis
976 4258 1107 4322 intrusis
1123 4259 1244 4324 misere
1302 4281 1408 4348 regno
1437 4258 1604 4342 praefuit,
1633 4261 1785 4344 copiosos
1813 4262 1885 4347 ejus
1912 4261 2045 4326 nomine

504 4355 726 4420 differebatur.
769 4357 911 4418 Moritur
934 4359 973 4426 V.
992 4359 1028 4424 C.
1046 4359 1120 4427 ent.
1143 4362 1181 4428 Δ.
1204 4363 1245 4426 X.
1302 4382 1419 4429 numos
1444 4361 1544 4426 luisse
1567 4382 1670 4428 cusos.
1717 4364 1855 4448 Exque
1877 4377 1966 4448 patet
1988 4363 2046 4428 ite·

508 4459 577 4536 aab.
598 4477 682 4522 anno
698 4457 793 4541 regni
809 4459 956 4526 xxx1v.
1303 4488 1398 4544 rum,
1418 4465 1505 4529 hunc
1521 4477 1687 4529 auctorem
1709 4463 1744 4526 in
1760 4463 1992 4530 distribuendis
2005 4486 2047 4530 ex

558 4561 609 4622 Ex
623 4559 795 4642 Cleopatra
812 4578 928 4624 sorore
946 4559 1047 4626 lilium
1065 4563 1175 4632 ltabnit
1194 4589 1248 4654 pa·
1305 4569 1372 4634 oris
1396 4567 1607 4634 similitudine
1631 4567 1738 4632 nnmis
1758 4567 1859 4652 megia
1883 4569 2049 4654 oonjectu·

542 4773 573 4839 a)
594 4769 661 4824 Ant.
678 4763 769 4824 Asini.
788 4789 818 4846 p.
835 4779 879 4834 88.
