4338 5554
311 1423 871 1540 OBsEtt-vat't
926 1412 1512 1537 GENERALIA.

677 1804 1140 1842 «ιι-*-

765 2561 1053 2587 ψ-*ιι-ν-ι-

495 2927 586 2998 DE
635 2923 1326 3004 MAGISTRATIBVS

551 3299 803 3378 ottvnts
841 3299 1262 3377 Hooometcts.

130 3694 406 3827 Magistratnnrn
426 3738 644 3826 perfrequens
671 3753 722 3805 est
747 3739 781 3801 in
809 3757 879 3802 nro·
936 3739 970 3801 in
988 3752 1104 3818 rento,
1126 3739 1180 3804 vel
1200 3737 1351 3824 obliquo,
1373 3733 1459 3799 utin
1474 3737 1681 3822 Dyrrhaehe·

132 3859 208 3910 neta
245 3843 377 3908 urbium
414 3844 696 3928 populorumque,
738 3856 807 3905 tom
845 3853 880 3903 et
935 3835 1494 3916 nishncMEN12K02,ininc
1519 3839 1682 3904 ΑΡΧΙΠ-
1718 3913 1726 3922 .

132 3924 363 4030 nonnunquam
389 3965 505 4028 regum
534 3944 675 4021 mentio,
705 3943 797 4025 eujus
825 3941 879 4005 asl-
936 3939 1054 4020 ΠΟΤ,
1087 3940 1143 4008 vel
1170 3939 1352 4024 adjunctam
1376 3939 1495 4003 habent
1516 3945 1681 4025 praeposi·

133 4048 225 4111 serre
265 4045 416 4130 exempla
455 4064 743 4130 supervacaneum.
795 4045 878 4106 Nam
935 4044 1060 4106 tionem
1088 4045 1247 4126 aliquam,
1287 4062 1329 4106 ex
1363 4041 1484 4127 quibus*
1514 4043 1681 4108 usitatissi-

133 4147 186 4214 oui
207 4147 318 4230 ignota
340 4167 415 4210 esse
436 4161 572 4230 possunt
588 4149 779 4211 numismata
793 4147 879 4228 Dyn-
934 4165 1023 4208 annm
1042 4157 1092 4207 est
1108 4140 1210 4222 EHI,
1231 4145 1309 4220 sul,
1336 4141 1377 4205 ‹le
1404 4161 1469 4226 qno
1490 4142 1585 4208 latins
1606 4167 1681 4228 ege·

132 4249 278 4327 rhaehii,
304 4249 518 4333 Apolloniae,
548 4249 766 4324 Athenarum,
794 4247 878 4326 Chii,
934 4269 1007 4311 anns
1024 4246 1108 4309 inira
1123 4245 1156 4307 in
1173 4257 1309 4308 tractatu
1331 4241 1372 4306 de
1394 4243 1581 4326 magistratu
1601 4267 1680 4337 epo·

131 4355 278 4438 Cyrenes
296 4349 384 4414 ete?
406 4349 512 4434 Saepe
528 4351 610 4414 duos
625 4351 681 4418 vel
699 4363 785 4428 tres,
806 4371 879 4413 eos·
933 4369 1031 4432 nymo
1049 4370 1118 4432 esp.
1135 4349 1174 4411 11.
1196 4347 1421 4430 Frequenter,
1446 4365 1483 4410 ae
1502 4348 1679 4432 praecipue

131 4475 197 4542 que
214 4453 323 4520 variae
340 4453 509 4535 potestatis
530 4473 628 4532 unua,
650 4452 802 4537 idemque
820 4473 878 4514 nu·
934 4451 967 4512 in
1003 4451 1109 4512 nnmis
1145 4447 1274 4512 urbium
1304 4449 1450 4511 Moesiae
1488 4450 1681 4534 praeligitur

132 4577 209 4620 anus
221 4553 383 4619 eontinet.
935 4547 1046 4615 ΤΠΟ.
1088 4549 1286 4614 Insolentior
1308 4563 1358 4613 est
1379 4549 1579 4633 praepositio
1601 4549 1680 4614 ata

193 4655 239 4720 Hi
260 4655 466 4740 magistratus
488 4653 543 4719 vel
571 4655 784 4719 enuntiantur
806 4653 879 4717 ains·
936 4651 1100 4740 Phrygiae
1134 4650 1300 4715 nonnullis
1332 4649 1467 4713 urbibus
1496 4650 1679 4731 familiaris,

131 4759 263 4844 pliciter
284 4758 373 4825 nulla
395 4754 540 4844 praelixa
563 4753 740 4841 particula,
768 4771 803 4822 et
824 4757 880 4826 vel
936 4768 990 4820 utt
1020 4753 1114 4821 eta,
1134 4748 1458 4912 ΚΛΑΤΔΙΑΔΝΟΤ.
1491 4752 1680 4820 videbare

1321 4883 1326 4892 =
1379 4869 1438 4916 ea
