4468 5568
491 575 563 646 502
992 579 996 588 ·
1110 555 1301 631 GAPVT
1334 554 1411 628 vlt.

373 803 375 810 ,
492 729 581 803 erit,
620 738 740 812 quanto
778 724 960 792 diuturnius
1003 725 1138 806 alicujus
1174 722 1236 788 luit
1292 721 1507 807 scriptoribus
1525 723 1748 809 promulgatos
1766 722 1957 808 suspicatur.
1979 722 2042 783 tti-

491 829 648 914 principis
678 830 875 915 imperium,
911 840 1000 892 tauto
1035 828 1132 892 ctiam
1162 845 1235 889 csse
1292 846 1328 887 ra
1347 825 1462 909 hercle
1479 825 1560 889 haec
1577 825 1682 888 oratio
1697 829 1764 890 viss
1784 823 1940 902 eruditis,
1963 845 2037 888 curn

490 931 669 995 auctiorem
687 946 921 995 neocoratuum
936 949 1118 1005 numerum,
1138 948 1237 1010 qusn-
1293 927 1341 989 sic
1371 925 1523 1010 sibiipsi
1553 939 1675 991 certum
1702 927 1777 992 falsi
1804 928 1917 989 indicii
1945 927 2036 988 litem

491 1047 526 1094 to
555 1030 637 1098 illud
659 1032 876 1108 contractius,
907 1045 995 1094 tanto
1025 1031 1121 1095 ctiam
1148 1029 1235 1092 huuc
1292 1025 1442 1091 intentet.
1485 1028 1619 1091 Etenim
1643 1048 1708 1092 non
1733 1029 1903 1106 meminit,
1930 1027 2038 1092 editos

491 1133 768 1210 contractiorem,
806 1147 902 1219 ntqus
939 1153 1054 1196 numos
1085 1132 1235 1195 Commo·
1292 1149 1311 1192 s
1337 1147 1373 1192 so
1404 1128 1440 1190 in
1466 1148 1533 1192 suo
1562 1129 1607 1192 de
1635 1130 1743 1191 nsmis
1770 1129 1905 1194 Graecis
1934 1147 2039 1212 opere

491 1234 550 1310 di,
582 1233 722 1311 Severi,
752 1232 932 1298 Alexandri
965 1235 1079 1319 plures
1114 1232 1235 1313 jactare
1292 1247 1408 1291 numos
1437 1230 1545 1294 rsrios
1575 1229 1785 1295 Nicomediae
1816 1243 1853 1294 et
1876 1230 2037 1308 Sardium,

490 1348 705 1413 neocoratus,
728 1357 822 1421 quam
847 1356 962 1400 numos
982 1333 1137 1409 Macrini,
1160 1332 1237 1396 Ela·
1292 1327 1326 1390 in
1349 1328 1467 1414 quibus
1496 1344 1692 1395 neocoratus
1714 1329 1753 1396 Β.
1775 1345 1809 1395 et
1829 1329 1876 1397 Γ.
1902 1331 2037 1410 variant,

490 1437 619 1520 gabeli,
655 1437 844 1512 Maximini,
888 1456 1027 1520 quorum
1069 1433 1234 1519 perbreve
1292 1442 1327 1493 et
1348 1430 1471 1515 siquis
1495 1432 1599 1498 sallat
1620 1431 1757 1515 emplius
1777 1431 1819 1497 de
1845 1436 2039 1518 praeconio-

489 1538 551 1601 iuit
572 1538 766 1619 imperium„
800 1538 925 1604 Verum
952 1535 1049 1619 plane
1074 1535 1233 1612 ridemus,
1290 1551 1365 1594 rum
1386 1529 1455 1597 lide
1474 1531 1642 1610 dubitare,
1670 1533 1769 1598 incile
1796 1535 1882 1600 hunc
1902 1555 2036 1620 possem

490 1641 672 1702 diuturnius
700 1637 875 1704 breriusse
907 1636 1081 1722 imperium
1113 1656 1233 1710 neoco-
1290 1633 1483 1698 suctoritsts
1527 1654 1702 1698 numerum
1742 1636 1848 1700 masei
1883 1636 2037 1703 Caesarei

488 1756 577 1805 ratus
616 1761 772 1802 numeros
809 1759 918 1822 neque
961 1759 1083 1822 augere
1123 1758 1231 1823 neque
1290 1736 1499 1802 convincere.
1532 1735 1607 1800 ‘Hic
1625 1757 1707 1822 erqo
1725 1735 1918 1802 noduscnm
1936 1738 2035 1804 modo

489 1843 659 1919 minuere,
692 1842 784 1926 cnjus
815 1839 947 1925 quidem
974 1840 1053 1902 lacti
1082 1840 1232 1925 exempla
1290 1835 1440 1921 simplice
1459 1837 1584 1902 essol'si
1602 1857 1669 1901 non
1685 1851 1815 1921 posset,
1836 1838 1941 1905 sarias
1962 1861 2036 1904 eru·

489 1965 565 2026 nors
577 1942 710 2021 adlaro,
740 1941 828 2027 quod
856 1962 895 2004 ea
917 1941 1126 2024 es-pruefiso
1149 1953 1233 2004 cata·
1289 1935 1376 2002 ditos
1395 1937 1619 2022 conjecturas,
1640 1959 1739 2023 saepe
1762 1937 1934 2018 absurdas,
1963 1960 2036 2005 cer·

488 2047 569 2130 lego
597 2045 667 2128 peti
701 2056 844 2128 possunt.
897 2045 1013 2124 Neque
1042 2043 1138 2105 etiam
1166 2043 1233 2106 aui·
1289 2049 1323 2126 te
1345 2037 1430 2102 male
1449 2039 1665 2104 cohaerentes
1688 2041 1797 2124 coegit
1821 2041 2034 2106 comminisci.

488 2169 561 2212 mus
578 2161 628 2210 est
645 2144 844 2228 argumentis
864 2141 1030 2226 pluribus,
1054 2165 1135 2226 quae
1154 2161 1231 2204 anne
1289 2139 1423 2223 Aliquid
1449 2139 1511 2203 sibi
1532 2139 1726 2205 videbantur
1751 2141 1905 2207 adtulisse
1924 2145 2036 2209 Rebe-

486 2248 718 2325 non'desnnt,
748 2246 941 2308 sententiam
963 2245 1045 2306 hanc
1067 2245 1233 2308 convelle·
1287 2243 1380 2318 nius,
1412 2241 1659 2325 Vandaliust),
1690 2242 1894 2330 sperlingius
1919 2244 1973 2329 ιθ),
1999 2261 2036 2311 ct

485 2371 544 2426 re,
575 2367 650 2412 cum
674 2361 707 2410 et
728 2345 885 2430 temporis
915 2359 948 2408 et
974 2345 1104 2408 chartae
1132 2347 1232 2428 jactu·
1287 2345 1513 2408 Bnonarrotns
1538 2349 1586 2428 e),
1623 2345 1679 2430 qui
1707 2365 1750 2408 ex
1778 2365 1918 2410 numero
1954 2360 2035 2411 tem·

484 2473 553 2514 rsus
569 2463 700 2533 putem,
722 2461 834 2530 suapte
850 2445 1009 2510 infirmum
1027 2459 1060 2510 et
1080 2447 1142 2528 jam
1161 2467 1231 2529 pss·
1287 2445 1437 2527 plorum,
1459 2463 1542 2528 quae
1564 2447 1665 2530 saepe
1686 2447 1720 2508 in
1742 2447 1848 2510 numis
1872 2447 2035 2514 similibus

485 2554 547 2616 sinn
570 2549 743 2616 fastiditam
774 2549 978 2632 impugnare.
1022 2547 1088 2644 Qui
1114 2550 1148 2610 iu
1170 2547 1231 2611 hac
1286 2566 1363 2630 pars
1391 2565 1504 2610 sserss
1533 2545 1638 2626 sistit,
1673 2568 1847 2612 numerum
1877 2551 2034 2616 neocora-

486 2673 581 2718 causa
604 2652 697 2736 plura
722 2650 829 2727 volnt,
859 2649 953 2714 adeat
980 2649 1232 2716 commentnrios
1287 2659 1380 2710 tuum
1400 2667 1498 2730 possa
1521 2648 1679 2732 explicari
1704 2647 1875 2734 putabunt,
1898 2663 2033 2716 atvero

484 2754 686 2818 Mausoleni.
1001 2825 1013 2838 ,
1046 2816 1054 2835 .
1288 2763 1895 2837 quamsaepontrerumquanumerns
1911 2751 2035 2820 discors·

549 2855 719 2920 Sententia
745 2854 891 2918 omnium
912 2853 1049 2918 manime
1074 2852 1233 2916 verisimi·
1289 2850 1364 2930 det,
1386 2855 1419 2914 in
1435 2850 1572 2915 laudatis
1596 2874 1693 2936 supra
1712 2856 1954 2919 commentariis
1968 2857 2034 2940 jsm

485 2960 527 3022 lis
546 2971 596 3023 est
610 2958 684 3034 illu,
707 2977 789 3040 quae
808 2955 967 3020 collectos
985 2978 1046 3040 per
1064 2956 1151 3020 saria
1174 2957 1233 3018 im·
1288 2954 1364 3017 sutis
1395 2953 1649 3036 comprobarunt
1670 2955 1878 3034 Vaillautins,
1902 2959 2036 3024 Masso·

486 3060 579 3146 peria
595 3072 790 3123 neocoratus
809 3059 968 3123 enunciat.
1013 3059 1142 3136 Credo,
1158 3080 1232 3122 eru·
1287 3057 1402 3134 lenus,
1424 3054 1634 3122 Pellerinins.
1679 3053 1783 3149 Quam
1814 3058 1876 3121 sibi
1897 3060 2033 3125 salutem

487 3162 572 3228 ditos
607 3160 805 3244 antiquarios
840 3159 917 3223 inde
953 3181 972 3222 s
1001 3159 1162 3244 principio
1197 3161 1230 3222 in
1287 3157 1447 3245 postremi
1472 3155 1507 3218 bi
1527 3156 1592 3220 dno
1618 3156 1748 3242 effugiis
1775 3161 1841 3223 suis
1867 3163 2034 3244 quaesite·

485 3283 525 3328 eu
550 3263 651 3327 luisse
672 3263 903 3347 acquietum,
932 3282 1040 3347 neque
1065 3276 1232 3348 respectu·
1288 3261 1370 3340 rint,
1401 3271 1513 3344 suapte
1534 3271 1623 3344 patet
1645 3279 1759 3323 corum
1781 3263 2034 3328 commentarios

484 3385 543 3430 ros
571 3386 710 3450 nuquam
740 3364 850 3439 illam,
884 3383 966 3446 quae
996 3378 1230 3428 neocoratuuur
1288 3363 1434 3448 legenti,
1462 3361 1518 3443 qui
1545 3361 1580 3423 in
1609 3382 1704 3426 cacan
1733 3363 1875 3446 implens
1905 3381 2034 3450 pertur-

484 3467 687 3530 incrementa
716 3465 853 3548 singulis
879 3463 1026 3546 imperiis
1049 3462 1229 3548 adscripsit,
1287 3463 1426 3550 batsqne
1461 3475 1595 3546 praeter
1631 3464 1835 3546 conjecturas
1867 3467 1957 3532 nulls
1986 3467 2033 3530 ni·

482 3568 546 3632 nisi
575 3589 634 3632 eos
663 3567 880 3629 solicitassent
909 3563 1141 3628 decrescentes
1171 3567 1233 3630 ite·
1287 3587 1344 3631 ses
1365 3565 1554 3630 auctoritate
1583 3563 1674 3628 alind
1704 3567 1784 3628 nibil
1815 3567 2032 3652 suppeditant,

482 3691 555 3731 rum
581 3689 696 3732 eorum
714 3666 862 3742 numeri,
883 3677 979 3748 atque
995 3665 1114 3728 iterum
1134 3667 1229 3744 aucti,
1288 3681 1324 3732 et
1352 3667 1407 3752 qni
1436 3664 1577 3750 deniqne
1607 3667 1704 3732 simul
1733 3669 1908 3752 leguntur,
1936 3672 2033 3738 dmul

483 3771 575 3854 cujus
597 3791 674 3833 sane
698 3765 932 3830 inconstantiae
958 3767 1117 3830 rationem
1146 3767 1230 3831 dilli-
1287 3769 1470 3835 certissime
1521 3767 1737 3833 fastidiuntur.
1796 3771 1848 3833 Ad
1894 3773 2034 3838 Pattert-

484 3873 549 3936 cile
583 3883 634 3934 est
668 3871 702 3930 in
740 3868 804 3931 boc
842 3880 1015 3948 systemate
1051 3869 1228 3953 explicere.
1286 3873 1377 3935 nium
1413 3870 1502 3958 quod
1537 3871 1675 3949 attinet,
1715 3869 1827 3935 mirari
1861 3877 1937 3939 satis
1967 3897 2035 3942 non

484 3971 559 4066 Quo
582 3971 668 4034 enim
694 3984 837 4054 pactos.
855 3969 1116 4050 &Nicomedia
1146 3995 1228 4058 quse
1286 3995 1436 4060 possum,
1467 3995 1529 4059 qun
1556 3975 1583 4036 is
1610 3973 1738 4038 ratione
1769 3977 1915 4058 potnerit
1942 3979 2034 4044 adse·

482 4075 543 4139 sub
564 4073 730 4137 Caracalla
745 4089 795 4132 *se
821 4069 956 4134 tertium
979 4091 1156 4138 neocornm
1179 4090 1231 4142 est
1285 4097 1381 4155 rere,
1411 4097 1447 4140 se
1463 4077 1496 4138 in
1513 4074 1662 4139 Sardium
1686 4077 1791 4138 nonnis
1813 4099 1878 4142 uno
1900 4082 2033 4149 eodem·

481 4177 648 4264 professa,
674 4173 798 4239 variare
817 4173 973 4260 deinceps
993 4177 1117 4260 potuit,
1141 4193 1174 4244 et
1192 4199 1229 4243 se
1286 4201 1350 4264 qne
1373 4198 1459 4244 nnnc
1483 4177 1616 4263 signatis
1642 4176 1901 4259 deprehendisse
1929 4181 2035 4268 dupli·

480 4282 545 4364 jsm
573 4279 644 4356 bis,
676 4278 740 4360 jam
768 4278 901 4340 tertium
925 4297 1102 4344 neocoratu
1128 4302 1229 4346 enun-
1286 4283 1333 4348 cis
1362 4281 1494 4367 generis
1524 4292 1760 4356 neocoratnm,
1791 4301 1912 4367 nempe
1934 4281 1972 4352 B.
1997 4301 2032 4348 et

481 4381 596 4446 ciere?
639 4381 819 4446 Enimvero
840 4379 1034 4448 Vaillantius
1061 4381 1158 4446 facile
1187 4383 1227 4447 ab
1284 4381 1325 4446 Γ.
1354 4383 1462 4472 qnod,
1497 4381 1621 4466 inquit,
1657 4405 1676 4444 a
1712 4383 1842 4448 nemine
1873 4385 2031 4460 hactenns

480 4487 542 4549 bac
562 4504 635 4549 sese
653 4483 803 4548 molestia
824 4482 963 4561 liberet,
985 4503 1060 4548 enm
1077 4486 1227 4550 reesbn·
1284 4485 1348 4552 fuit
1385 4487 1602 4550 observatum.
1664 4485 1808 4562 Numos,
1853 4483 1969 4572 quibus
2005 4491 2032 4550 is

483 4592 532 4674 jus
565 4586 799 4652 inconstantiae
827 4605 944 4652 numos
981 4589 1066 4652 mals
1105 4599 1179 4654 ess'e
1208 4609 1227 4656 s
1283 4585 1418 4668 nititur,
1449 4608 1547 4674 supra
1574 4584 1736 4672 descripsi
1756 4587 1789 4647 iu
1813 4587 1935 4672 judicio
1958 4591 2034 4654 Pel·

513 4799 543 4866 a)
563 4795 592 4852 ll.
612 4816 655 4853 cc.
729 4793 764 4864 b)
782 4793 851 4854 diss.
869 4795 907 4854 ad
923 4815 1002 4854 num.
1021 4797 1252 4875 Tranquillinae.
1327 4801 1359 4874 c)
1379 4819 1489 4862 ossen.
1510 4799 1556 4858 ist.
1580 4817 1611 4878 p.
1635 4811 1697 4870 ¹59.
