4468 5568
1108 535 1316 611 CAPV'T
1352 535 1428 608 Vll.

492 719 621 769 senatus
651 705 802 769 consulto
832 717 1035 770 consecutos.
1076 703 1239 790 Equidem
1297 705 1351 769 vel
1371 721 1486 768 eornm
1504 722 1613 768 mores
1631 700 1663 762 in
1681 699 1845 764 licentiam
1863 715 2044 769 verterunt.

490 805 587 894 senile
620 805 766 884 dedero,
794 827 864 870 -eas
895 807 1024 892 litteras
1054 806 1239 890 significare
1298 807 1397 890 Cujus
1416 803 1658 891 generisiuerc
1675 817 1887 879 neocoratus,
1906 808 2045 890 impera·

491 904 603 992 Γιωμῃ
623 905 724 982 Boas
743 907 1240 985 senatusconsulto,‹verumen
1297 921 1425 986 torum,
1457 921 1493 970 nt
1519 905 1677 983 vidimus,
1711 905 1830 967 bonori
1857 907 2042 982 constituti,

490 1011 545 1072 bic
575 1009 708 1073 nomine
736 1005 842 1085 Βυλης
872 1007 1074 1092 intelligatur
1110 1023 1240 1073 senatus
1297 1024 1364 1073 tum
1396 1022 1430 1074 et
1455 1009 1556 1072 indite
1578 1006 1713 1071 urbibus
1743 1005 1782 1068 ab
1803 1005 2046 1090 'imperantibus

490 1113 672 1185 Romanus,
706 1128 907 1194 magnopere
941 1109 1097 1175 dubitem.
1142 1111 1240 1175 Hunc
1296 1113 1447 1189 nomina,
1478 1112 1520 1174 de
1552 1109 1667 1194 quibus
1700 1105 1834 1190 sge'mns
1863 1108 1958 1188 ulibi,
1991 1123 2046 1172 aut

461 1255 467 1262 -
491 1213 578 1275 euim
594 1210 714 1274 Graeci
727 1210 762 1271 in
777 1210 995 1274 monumentis
1011 1213 1077 1274 suis
1092 1226 1241 1277 conatun·
1297 1213 1440 1298 denique
1468 1212 1631 1295 asylornm
1659 1210 1792 1274 licentia
1815 1221 1944 1273 senatus
1966 1227 2043 1275 con·

463 1325 544 1376 ,ter
566 1313 682 1376 dixere
705 1318 898 1399 aepularer,
925 1327 961 1375 ut
983 1311 1122 1374 diximus
1143 1336 1240 1397 supra
1297 1315 1383 1378 sulto
1411 1310 1572 1391 cohibita,
1612 1311 1703 1395 eujus
1743 1313 1932 1376 memoriam
1968 1333 2046 1376 oon·

491 1436 567 1500 pag.
590 1417 664 1480 225.
709 1412 824 1477 Potius
863 1432 945 1496 ergo
980 1415 1014 1473 iu
1049 1414 1112 1478 boe
1140 1436 1239 1479 numo
1297 1429 1428 1480 servant
1458 1416 1548 1477 ntnmi
1575 1413 1701 1495 Ephesi
1728 1413 1901 1497 inscripto:
1942 1411 2048 1476 ΛΟΓ-

490 1515 652 1578 indicatur
682 1514 888 1600 magistratus
916 1512 1130 1592 domesticus,
1166 1537 1241 1602 per·
1296 1510 1908 1580 MAT1.cTNKAHwT.0TTOL
1918 1509 2046 1580 ΝΑΟΙ.

490 1616 568 1681 inda
598 1630 694 1700 atque
722 1615 775 1679 bic
800 1616 833 1677 in
855 1615 961 1678 nemis
985 1617 1080 1679 Tarsi
1096 1630 1137 1680 et
1154 1619 1242 1682 mne·
1301 1619 1446 1680 Senatus
1466 1617 1616 1679 consulto
1639 1615 1721 1677 duee
1742 1619 1882 1699 templo,
1908 1611 1952 1678 tle
1977 1635 2043 1699 quo

491 1719 585 1779 'uerbi
616 1718 777 1781 iudicatur
805 1715 964 1779 similibus
992 1716 1111 1780 litteris
1137 1713 1179 1784 Γ.
1202 1717 1239 1782 Β.
1298 1715 1373 1806 pide
1401 1717 1685 1798 monetambujus
1709 1713 1810 1783 uibis.
1838 1713 1911 1780 eud
1935 1735 2046 1800 neque

491 1821 546 1880 vel
577 1813 616 1882 Γ.
642 1813 681 1881 Γ.
711 1816 745 1878 id
770 1831 835 1880 est:
870 1838 979 1901 «γνωμῃ
1002 1818 1055 1880 vel
1076 1813 1105 1880 Γ
1107 1838 1242 1901 pappare
1297 1820 1403 1880 minus
1427 1817 1610 1880 cohibenda
1631 1816 1692 1878 fuit
1714 1816 1916 1880 Graecorum
1945 1819 2047 1880 ambi·

490 1919 598 1995 Βιλης
629 1919 682 1984 v'el
712 1914 871 1997 Ιίρυσιας.
917 1923 953 1980 Ιιι
994 1921 1076 1984 vium
1116 1933 1152 1980 ut
1190 1939 1241 1982 re·
1297 1921 1345 1982 tio
1375 1932 1588 1983 neocororum
1617 1917 1765 1981 certatim
1803 1921 2046 2002 expetentium,

408 2018 414 2034 ‘
492 2022 605 2100 dcam,
632 2021 846 2085 testoliione
871 2019 1127 2084 Nicomedenses
1152 2043 1170 2083 e
1191 2041 1243 2084 se·
1299 2022 1385 2105 quod
1410 2022 1463 2085 hic
1486 2019 1800 2104 propteriestorum
1823 2019 2044 2107 ludorumque

490 2137 568 2186 nutu
601 2123 745 2206 deniqne
778 2122 1016 2204 impetravere,
1046 2135 1085 2182 nt
1109 2121 1240 2204 erigere
1298 2124 1445 2186 solennia
1465 2143 1599 2206 magnos
1616 2134 1761 2204 sumptus
1778 2120 1953 2206 flagitabat.
1982 2123 2047 2188 Ce-

442 2237 445 2248 '
493 2224 675 2288 Commodo
696 2225 875 2305 templum,
904 2236 942 2284 et
962 2242 1062 2306 ugera
1085 2220 1180 2283 ludos
1201 2221 1241 2283 ii·
1296 2238 1404 2288 terum
1427 2239 1463 2286 nt
1484 2225 1637 2286 lubenter
1659 2223 1860 2306 permisero,
1887 2243 2047 2289 neocora-

491 2339 583 2390 'eerct
599 2328 639 2408 ¹).
660 2325 770 2406 Ergo,
789 2335 826 2384 ut
843 2321 999 2401 diximus,
1017 2323 1146 2386 urbium
1163 2343 1241 2386 neo·
1295 2339 1348 2389 tus
1376 2327 1605 2408 imperatorios
1632 2325 1734 2386 fuisse
1757 2347 1774 2386 s
1797 2337 1911 2388 senatu
1932 2339 2047 2408 peten-

429 2411 443 2478 .‘
491 2439 620 2491 coratns
643 2447 660 2488 u
684 2439 813 2489 senatus
834 2425 930 2488 Rom.
955 2423 1090 2488 urbitrio
1118 2426 1241 2510 pende·
1295 2428 1375 2504 dos,
1414 2429 1460 2490 sie
1491 2426 1625 2488 dubium
1657 2447 1723 2486 non
1757 2425 1903 2500 videtur,
1944 2426 2046 2490 urbes

490 2531 564 2605 bat,
584 2527 639 2613 qui
656 2527 753 2590 toties
773 2546 808 2589 se
826 2524 1029 2589 Graecorum
1046 2526 1145 2592 rebus
1165 2527 1240 2591 mis·
1297 2525 1425 2592 suomet
1444 2526 1577 2591 arbitrio
1594 2530 1740 2612 potuisse
1760 2527 1926 2591 aedicere
1942 2527 2048 2590 nunni·

490 2629 574 2710 cuit,
604 2627 733 2716 quoties
752 2647 819 2692 ‚res
845 2627 1035 2712 imperantis
1063 2629 1237 2716 agebatur,
1285 2649 1373 2693 ,uum
1390 2649 1521 2724 suornm
1539 2648 1709 2694 neocoras.

1207 3009 1250 3100 p.
1272 3013 1313 3076 ιι.

514 3179 619 3261 ssQuuc
629 3175 767 3260 suerint
788 3179 901 3241 verius
923 3177 1128 3242 eruditorum
1149 3183 1334 3244 sententiae
1356 3181 1394 3242 de
1417 3179 1641 3262 multiplicum
1665 3178 1792 3242 urbium
1808 3187 2004 3240 mcocototu.

552 3369 720 3432 Hactenus
746 3365 909 3432 inoffenso
924 3367 1021 3453 ,pede
1048 3367 1083 3431 in
1105 3369 1239 3436 investi·
1293 3370 1338 3433 rit
1367 3369 1518 3454 proliteri
1545 3369 1595 3432 bis
1626 3387 1821 3445 neocorum,
1855 3378 1952 3451 utque
1986 3363 2045 3430 da·

489 3470 592 3555 ganda
612 3481 806 3534 neocoratus
824 3481 937 3533 natura
955 3489 1065 3533 summ
1084 3491 1237 3558 progres-
1293 3473 1407 3555 inceps
1430 3472 1517 3534 inter
1540 3471 1720 3534 secuudum
1747 3483 1781 3533 et
1803 3471 1936 3533 tertium
1964 3487 2044 3531 neo·

490 3573 527 3635 si.
570 3571 708 3634 Restant
737 3570 922 3654 explicandi
949 3585 1145 3636 neocorstus
1177 3573 1238 3636 ite·
1292 3587 1442 3637 coretum
1473 3573 1610 3638 rumare.
1655 3572 1794 3656 implexi
1823 3570 1919 3655 hujus
1949 3590 2044 3652 ergu-

489 3673 561 3735 rsti.
598 3671 752 3740 Vidimus
776 3673 862 3735 enim
887 3693 1002 3758 snpra,
1023 3693 1105 3758 urg.
1126 3673 1238 3758 Ephe·
1293 3676 1395 3738 menti
1426 3675 1578 3738 enodatio
1606 3675 1723 3738 mirum
1753 3685 1905 3758 quantum
1934 3669 2043 3736 erodi·

483 3791 561 3838 sum
588 3772 648 3836 snb
676 3773 813 3838 Claudio
843 3773 908 3838 dici
927 3775 1131 3862 simpliciter
1158 3796 1238 3840 nco·
1292 3790 1401 3842 torum
1439 3777 1574 3840 torserit
1609 3777 1761 3860 ingenia,
1802 3794 1917 3839 rernm
1952 3773 2042 3838 exitu

487 3895 617 3952 coram,
650 3875 719 3939 ¹sub
748 3875 915 3939 Hadriano
945 3875 1015 3955 bix,
1046 3876 1113 3940 sub
1141 3879 1235 3943 Cura·
1292 3880 1459 3964 bncusqne
1479 3877 1631 3955 infelice,
1657 3877 1745 3962 qood
1764 3889 1936 3961 antequam
1954 3895 2042 3940 com·

489 3976 571 4042 oalla
590 3991 658 4056 ter,
686 3976 746 4043 sub
768 3976 947 4062 Elagabalo
976 3992 1091 4063 qnater
1115 4001 1236 4046 neoco·
1291 3981 1484 4068 probamus,
1505 3979 1728 4044 necessarium
1744 3977 1892 4055 videtur,
1915 3997 2041 4054 eornm,

487 4101 570 4147 rum.
607 4079 676 4145 Sed
694 4100 802 4166 neque
819 4079 905 4144 istud
925 4101 986 4166 pro
1006 4095 1143 4166 recepto
1157 4085 1236 4168 plu·
1292 4085 1348 4169 qui
1377 4084 1409 4146 in
1440 4095 1614 4168 praesente
1636 4101 1731 4145 causa
1753 4080 1946 4164 explicanda
1967 4079 2040 4144 aliis

486 4184 572 4246 rium
607 4183 842 4264 imperatorum
872 4183 986 4262 cultu,
1023 4205 1120 4269 quem
1137 4176 1235 4250 'inira
1292 4187 1457 4270 copiosius
1494 4186 1734 4259 elaboravere,
1783 4181 1902 4246 dietsts
1945 4201 2039 4266 quum

489 4305 713 4367 exponemus,
751 4285 977 4350 difficultatem
1013 4287 1127 4369 perlat.
1167 4289 1236 4358 Va·
1289 4287 1367 4354 lieri
1385 4287 1508 4372 poterit
1524 4287 1672 4352 breviter
1690 4283 1897 4369 strictimque
1919 4304 2039 4370 propo·

487 4409 560 4450 rum
583 4388 665 4451 illud
693 4387 859 4474 explicare
884 4387 1141 4472 permolestum,
1169 4411 1235 4475 qus
1289 4410 1386 4456 uere.

488 4503 584 4575 pecto
606 4491 700 4567 urbs,
730 4513 813 4578 quae
836 4512 871 4556 se
886 4491 957 4572 ism
987 4511 1018 4556 v.
1039 4511 1072 4576 g.
1101 4493 1234 4558 tertium
1355 4491 1522 4555 Iudicium
1539 4488 1718 4554 lOANNlS
1738 4489 1939 4567 SELDENI,
1954 4489 2041 4574 qued

478 4611 662 4664 mensorem
682 4593 831 4678 professu
844 4607 920 4674 est,
941 4593 1047 4659 serim
1068 4615 1106 4660 se
1121 4608 1235 4680 potne-
1286 4593 1458 4660 exstasin
1487 4613 1687 4658 mertuorum
1713 4591 2044 4668 Arundsllianorum,

510 4789 551 4858 a>
570 4785 604 4842 u.
616 4783 732 4844 nuru.
749 4785 773 4858 ι.
789 4797 830 4849 ιι.
