4444 5558
681 493 836 568 utut
869 493 1306 592 taurustaurus.
1708 525 1759 608 ao

212 655 341 723 lluxere
370 647 536 726 Hercules
568 659 674 726 serios
711 683 786 729 auos
823 642 961 730 labores
1011 679 1111 734 stam.
1164 667 1367 757 Vespasiani.
1420 672 1589 760 (Pellerln
1625 674 1706 742 Mel.
1727 676 1754 743 l.

210 761 427 824 crescensin
446 762 551 826 numia
568 765 740 844 Antonini,
763 768 844 829 luno
858 767 955 850 Argi·
1011 788 1044 854 p.
1058 773 1149 855 aas)
1204 845 1213 864 ι

210 880 270 940 va,
309 863 481 946 Neptunus
508 864 659 929 lsthmius
690 881 753 933 etc.
784 868 817 930 in
848 870 954 932 numia
1077 873 1215 957 Sarapis
1228 876 1335 940 simili
1349 875 1442 938 cultu
1457 879 1572 941 sedens
1585 869 1756 942 deuteruna

209 963 372 1041 Neronis,
393 965 514 1051 aliique
540 969 662 1052 passim
681 967 727 1030 dii
746 982 801 1032 aut
821 971 953 1049 heroes,
1010 977 1163 1036 extendis
1193 997 1307 1039 versus
1331 977 1441 1041 simile
1466 979 1597 1042 animal
1624 985 1756 1060 triceps.

210 1084 291 1150 quos
311 1079 418 1131 tamen
440 1068 505 1131 huo
527 1089 593 1132 non
615 1089 699 1134 roco
721 1072 779 1134 sed
802 1073 953 1157 tempori,
1009 1075 1045 1136 ln
1070 1075 1175 1138 numia
1193 1077 1301 1143 seriis.

164 1209 171 1222 ·
209 1187 277 1252 quo
298 1169 414 1252 signati
436 1181 528 1246 sunt,
550 1190 707 1248 reservo,
731 1173 804 1257 quia
827 1187 881 1236 aut
904 1196 955 1237 ra·
1076 1177 1214 1260 Sarapis
1233 1181 1339 1256 idem,
1369 1181 1428 1241 sed
1450 1179 1564 1242 adstat
1582 1194 1756 1262 praeterea

208 1269 278 1334 rius
298 1268 332 1332 in
354 1269 405 1334 his
425 1271 532 1334 numia
555 1287 770 1357 comparent,
804 1290 858 1338 ant
884 1276 954 1360 ple·
1013 1277 1202 1342 Mercurius
1231 1283 1261 1346 d.
1285 1283 1486 1354 caduceum,
1522 1302 1550 1344 s.
1579 1280 1756 1366 oblongum

207 1389 347 1456 rumque
361 1370 483 1458 aliquid
500 1371 623 1438 habent
638 1394 772 1456 causae,
792 1377 880 1462 quod
895 1397 953 1441 eos
1004 1378 1140 1460 palrnue
1163 1401 1291 1443 ramarn
1320 1393 1441 1446 tenens.
1480 1380 1622 1466 Traiani.
1655 1385 1757 1466 (Neu-

207 1490 283 1538 cum
311 1473 564 1560 imperatoribus
595 1479 782 1557 connectit,
814 1499 954 1564 quornm
1010 1499 1105 1540 mann
1124 1502 1212 1545 num.
1234 1502 1309 1567 pop.
1327 1483 1413 1547 Part.
1431 1483 1471 1546 ll.
1494 1480 1616 1564 tami.)

206 1574 367 1659 imagines
397 1576 432 1640 iu
454 1578 559 1642 antica
584 1579 794 1648 exhibentur.
836 1581 956 1644 Roma·
1072 1577 1301 1650 ΕΤΓΑΜΙΑ.
1326 1585 1364 1646 1..
1380 1581 1525 1648 ΕΝΑΤ.
1550 1585 1687 1666 Sarapis
1704 1607 1756 1647 ea·

206 1695 284 1740 uum
300 1679 397 1742 ritum
413 1679 504 1744 olent
517 1680 733 1758 lectisternia,
752 1683 852 1766 Spes,
870 1684 956 1747 Con·
1012 1684 1084 1744 dern
1103 1685 1195 1745 cultu
1213 1686 1336 1750 sedens.
1365 1683 1567 1768 Vespasiani.
1590 1685 1754 1768 (Pellerlu

207 1777 345 1858 cordia,
381 1779 608 1857 etantanto,
639 1780 850 1861 Providentia
890 1797 954 1852 etc.
1011 1784 1366 1868 lteo.1tt.p.xxx1.t

195 1879 276 1962 -typi
294 1899 430 1963 prorsas
448 1883 606 1962 Romani,
628 1897 660 1947 at
679 1884 714 1946 in
731 1898 860 1950 moneta
877 1887 954 1950 Ale·
1073 1879 1233 1950 ΗΛΙΟΣ.
1250 1879 1480 1949 ΣΑΡΑΠΙΣ.
1501 1886 1539 1948 Is.
1559 1883 1616 1960 11‘,
1659 1887 1756 1950 Sura·

207 1980 367 2046 xandrina
379 1981 539 2048 luculenti
554 1984 720 2050 servitutis
736 1998 848 2052 testes.
875 1988 955 2050 Poe·
1005 1989 1060 2067 pis
1081 1998 1176 2048 stans
1195 2008 1269 2049 curn
1289 1985 1425 2050 culatlso
1454 1991 1490 2050 in
1512 1992 1623 2072 cupite
1644 1989 1675 2051 d.
1697 2007 1755 2052 ec·

207 2103 279 2146 sum
308 2083 479 2150 adeovhou
501 2085 576 2150 loco
614 2086 654 2149 ab
681 2087 721 2149 iis
753 2087 953 2170 explicandis
1008 2100 1117 2158 senta,
1141 2111 1167 2149 s.
1187 2089 1329 2150 hostum.
1368 2089 1556 2154 Domitiani.
1581 2085 1755 2172 (saltaris,

206 2185 392 2265 substinere,
414 2185 502 2270 qnod
525 2185 613 2252 istud
634 2187 667 2250 in
689 2203 819 2254 moneta
836 2191 955 2256 Βοωι·
1008 2188 1088 2252 llel.
1106 2190 1129 2248 l.
1160 2211 1191 2272 p.
1207 2192 1296 2272 aas.)

206 2309 249 2354 na
277 2289 506 2374 praestabitur.
548 2289 610 2352 His
639 2310 720 2375 ergo
745 2291 953 2376 prolegome·
1070 2287 1224 2356 HAlOC.
1247 2292 1287 2356 1..
1312 2289 1351 2356 Ε.
1387 2291 1525 2374 Serpens
1547 2314 1621 2355 cum
1644 2297 1755 2378 capite

206 2391 256 2456 uis
273 2391 616 2476 complectententum
637 2393 768 2458 numina
782 2395 952 2479 Aegyptia,
1012 2391 1193 2473 Sarapr'deo
1225 2406 1373 2454 arrectus
1400 2396 1530 2457 insistis
1560 2413 1642 2473 equo
1678 2413 1754 2476 gru·

206 2513 310 2580 eaque
328 2493 532 2571 illustriora,
561 2513 635 2559 cum
659 2496 748 2582 qaod
774 2495 954 2564 domestice
1011 2496 1128 2558 dientr'.
1151 2495 1242 2562 Veri.
1266 2495 1418 2576 (Zaiga.)

206 2608 300 2673 sunt,
328 2608 426 2679 atque
453 2595 538 2662 adeo
559 2596 657 2680 ltujas
681 2599 814 2684 propria
836 2613 953 2665 tracta·
1076 2595 1184 2678 Cipus
1199 2597 1458 2678 Sarapiatrcum
1472 2595 1624 2669 calatho,
1637 2597 1754 2674 radiis·

204 2711 276 2778 tus,
307 2711 375 2762 tunt
401 2697 489 2783 quud
510 2696 704 2784 frequenter
731 2721 795 2786 per
821 2702 953 2768 univer·
1009 2718 1109 2760 cornu
1123 2697 1319 2774 Ammonis,
1338 2717 1420 2780 prae
1438 2718 1501 2776 pua
1522 2701 1753 2780 corrumpier,

203 2821 274 2864 sam
295 2800 379 2866 hane
399 2820 575 2864 numerum
603 2801 740 2866 classem
763 2816 951 2871 recurrunt,
1003 2819 1091 2878 pone
1112 2803 1238 2862 tridens
1260 2800 1408 2880 illigatis
1428 2801 1643 2880 serpentibus.
1687 2798 1753 2860 An·

205 2901 322 2986 Neque
348 2915 412 2965 tam
444 2901 542 2966 facile
571 2920 712 2984 speres,
741 2920 950 2988 repertarum
1007 2901 1121 2964 tonini.
1144 2903 1245 2982 (Mus.
1264 2899 1375 2980 Caes.)

206 3015 240 3068 te
272 3001 307 3064 in
335 3001 398 3066 ltau
425 3003 530 3066 classe
558 3001 697 3066 deorum
726 3004 884 3088 imagines
909 3027 951 3072 eo
1075 3005 1200 3094 Malser
1231 3006 1341 3084 capite
1371 3001 1503 3063 radiato
1537 3013 1597 3062 aut
1627 3003 1751 3063 turrito

206 3102 319 3180 uultu,
350 3103 441 3189 quali
465 3123 523 3168 eos
543 3104 952 3192 uetustissimaAegyptio-
1007 3116 1101 3166 stans
1132 3107 1163 3164 d.
1194 3117 1293 3182 eaput
1321 3101 1518 3182 sarapidis,
1551 3123 1576 3162 s.
1607 3101 1750 3162 hastam.

202 3226 280 3270 rum
299 3218 357 3269 aut
374 3203 495 3287 religio
517 3217 571 3267 out
594 3225 647 3269 ars
663 3209 851 3291 proposuit3
873 3209 950 3275 inde
1007 3205 1044 3266 1¹²
1066 3201 1173 3265 numi·
1193 3201 1301 3266 wilt·

203 3308 292 3373 euim
314 3305 645 3384 rontonnacum,
676 3328 718 3372 ex
736 3290 800 3393 quo
822 3312 949 3376 serviro
1070 3302 1235 3386 Sarapidis
1256 3303 1381 3366 cultum
1401 3300 1456 3364 alii
1478 3299 1602 3382 Sinope
1620 3299 1770 3365 Pontia'

203 3411 344 3496 primum
361 3406 515 3485 Graecis,
538 3407 660 3472 deinde
676 3411 830 3474 Romanis
846 3415 950 3477 coacti
1005 3406 1198 3470 Ptolemaeo
1220 3423 1279 3468 seu
1304 3405 1422 3467 Sotere
1450 3400 1749 3486 seuvPhiladelplro

203 3527 297 3591 sunt,
324 3513 423 3576 ritum
446 3521 592 3574 veterem
623 3523 677 3574 aut
704 3531 780 3577 cum
808 3527 947 3582 externo
1005 3508 1195 3580 adrentum,
1218 3505 1274 3570 ⁸¹15
1293 3506 1324 3566 5¹¹
1341 3508 1491 3590 Aegypto
1512 3502 1577 3586 ilm
1599 3505 1748 3568 *elmi*

202 3617 385 3694 miscuere,
406 3625 461 3678 aot
481 3611 683 3679 dedidicere.
1004 3610 1093 3674 simis
1128 3607 1331 3692 temporibus
1364 3605 1531 3690 cognitum
1567 3604 1747 3684 adlirmant,

1003 3710 1046 3776 de
1076 3731 1142 3798 quo
1163 3711 1243 3794 lege
1268 3709 1486 3792 disputantem
1513 3705 1747 3790 spanhemium

624 3847 627 3854 ·
1004 3815 1059 3896 (ad
1095 3813 1222 3878 Gallim.
1255 3811 1288 3873 in
1319 3812 1433 3875 Ceres.
1465 3831 1495 3874 v.
1521 3811 1565 3890 t.)
1625 3809 1747 3874 Probat

452 3920 688 3987 SARAPIS.
856 3970 860 3983 ,
1001 3916 1091 4003 idem
1130 3935 1170 3978 ex
1194 3911 1372 3998 Plutarcho
1401 3910 1443 3976 de
1478 3910 1590 3988 laide,
1626 3931 1745 3976 nomen

1001 4017 1300 4103 ipsumSarapr'ds's
1315 4034 1381 4076 non
1399 4012 1500 4076 fuisse
1516 4035 1534 4076 a
1547 4013 1745 4078 Ptolemaeis

264 4117 492 4190 ΣΑΡΑΠΙΣ.
507 4127 546 4188 1..
563 4120 603 4192 Γ.
638 4127 745 4208 Caput
770 4105 945 4206 Sarapidis
1001 4116 1231 4184 Alexandriam
1248 4115 1574 4198 Sinopeadvectum,
1595 4114 1745 4181 aedfuis·

200 4232 310 4292 modio
332 4243 386 4292 aet
408 4231 544 4293 calatha
565 4242 699 4295 tectum.
740 4229 943 4315 Vespasiani.
1001 4241 1038 4286 se
1061 4219 1273 4287 vernaculum
1294 4218 1427 4281 Platoni
1448 4216 1488 4281 ab
1510 4216 1679 4302 Aegyptiis
1702 4238 1743 4281 ex

127 4309 131 4314 ¹
200 4331 364 4416 (Stoaelt.)
1001 4326 1104 4410 longo
1137 4322 1256 4386 datam.
1308 4321 1407 4404 Fugit
1438 4319 1543 4382 uuum
1565 4320 1745 4404 insignem

278 4429 416 4498 ΖΕΤΣ.
453 4425 683 4496 ΣΑΡΑΠΙΣ.
720 4434 759 4495 1..
800 4431 943 4524 pltat.
1000 4426 1222 4490 testimonium
1244 4421 1404 4508 Diogenis
1426 4423 1567 4498 Laertii,
1598 4443 1681 4508 quo,
1714 4421 1742 4485 si

202 4537 341 4621 Sarapis
364 4537 678 4598 sarcinatus-stans
703 4555 777 4611 cum
809 4533 944 4598 culatlsu
1001 4527 1101 4594 modo
1139 4547 1253 4591 verum
1293 4525 1321 4588 ia
1357 4522 1437 4586 dixit
1454 4569 1471 4601 „
1501 4523 1743 4608 comprobatur,

198 4642 234 4702 in
277 4640 390 4721 cupite
432 4639 604 4699 dexteram
651 4637 783 4722 densim
831 4657 960 4698 uersus.
1001 4631 1100 4698 etiam
1122 4629 1286 4712 Sarapidis
1314 4647 1436 4692 nomeu
1468 4627 1533 4710 jam
1564 4640 1639 4694 aute
1668 4628 1745 4691 Pto·

201 4741 338 4805 adstans
363 4737 460 4802 iunci
488 4737 618 4802 animal
644 4739 789 4821 triceps,
829 4761 855 4806 s.
888 4739 946 4800 ta·
1001 4735 1146 4799 lernaeae
1164 4731 1248 4817 apud
1266 4731 1465 4815 Sinopensea
1488 4729 1639 4812 suluisse.
1680 4730 1747 4794 lle·
