4444 5558
678 515 682 523 ’
727 517 929 594 BBGBS
965 519 1249 596 nectent.
1533 581 1538 590 .
1736 539 1757 606 5

328 645 336 676 t

218 706 296 754 roro
316 687 354 752 in
372 687 478 754 nomin
496 687 633 756 addatur
652 707 838 784 cognomen
859 689 961 764 hono·
1016 704 1091 776 port
1106 691 1316 776 cyrenaicam
1333 710 1464 778 quoqne
1481 690 1542 756 tihi
1559 688 1707 774 auhjicit,
1723 703 1757 754 at

218 789 374 868 rihoum,
400 791 517 878 quibui
549 811 664 856 eorum
685 793 835 858 nonnulli
863 793 959 858 fuere
1014 793 1195 858 Alexandri
1207 797 1252 858 Π.
1272 813 1392 878 corpur
1411 793 1582 876 magnilioo
1602 806 1757 878 apparatu

217 893 375 980 inuigneo.
418 891 519 988 Quod
547 894 680 980 quidem
700 895 866 960 silentiam
894 915 960 960 nen
1016 896 1156 980 occipit,
1186 895 1385 982 dignumque
1412 895 1491 959 tanti
1520 900 1610 979 regie
1639 893 1757 960 cineri·

216 994 251 1060 iu
281 995 388 1058 uomit
415 994 532 1071 modo,
563 996 624 1060 ted
651 1010 687 1060 et
716 996 884 1064 ueterihut
912 996 960 1060 hi·
1014 996 1075 1074 hue
1090 997 1266 1082 hoapitium
1282 997 1408 1081 moguir
1424 996 1601 1082 aumptihur
1619 998 1757 1062 Alexan·

217 1095 348 1160 otoricia
377 1095 610 1178 eutpnndun,
634 1099 715 1182 qui,
744 1095 822 1162 cum
853 1099 963 1162 Ptole·
1017 1098 1107 1162 tiriae
1128 1101 1267 1164 instruit.
1311 1101 1519 1176 Perdiccam,
1542 1101 1597 1183 qni
1619 1099 1757 1164 Alexan·

217 1217 384 1263 aureorum
402 1197 600 1261 mentionem
621 1197 763 1274 iaciunt,
785 1221 862 1264 raro
884 1217 961 1285 qno·
1018 1199 1118 1264 driam
1133 1200 1311 1276 inveneram·
1332 1220 1406 1264 cum
1421 1200 1513 1262 clado
1530 1199 1638 1282 rejicit
1657 1203 1755 1264 annia

216 1311 269 1362 tut
285 1297 404 1378 luerit,
426 1297 599 1380 adjiciunt,
620 1300 830 1386 incertosque
847 1321 907 1364 noa
926 1301 960 1364 in
1016 1322 1092 1364 mox
1110 1301 1362 1386 interemptum,
1382 1299 1519 1364 subinde
1534 1301 1756 1377 Phoenicium,

215 1411 305 1464 tento
326 1419 441 1464 eornm
464 1421 602 1464 numero
623 1401 823 1486 relinquunt.
865 1401 960 1493 Quae
1015 1402 1264 1485 coelesyriam,
1297 1401 1448 1466 Iudaeam
1474 1415 1621 1485 occupet.
1674 1397 1756 1466 inita

215 1499 349 1589 quidem
370 1501 571 1586 negligentia
594 1523 823 1586 nonnunquam
849 1515 883 1566 et
906 1523 962 1568 ve·
1014 1523 1089 1570 curo
1127 1504 1295 1578 Seleuco,
1324 1503 1542 1587 Lysimacho,
1576 1504 1756 1569 Cauraodro

213 1603 341 1668 terihua
358 1603 559 1667 otomochnm
577 1606 688 1668 movit.
732 1603 787 1666 Sin
805 1625 879 1666 oum
897 1607 962 1667 tte·
1015 1606 1171 1670 adrernua
1190 1605 1386 1685 Antigonum
1412 1625 1577 1669 armornm
1599 1607 1765 1686 societate,

214 1703 319 1768 linunt
354 1701 527 1768 induceret
552 1705 731 1788 Aegyptiae
761 1703 883 1788 aliquid
916 1703 959 1768 do
1014 1707 1219 1770 Demetrium
1248 1707 1401 1789 Antigoni
1422 1707 1460 1770 F.
1489 1707 1530 1770 ad
1555 1707 1675 1772 Gazam
1699 1710 1757 1770 Pa·

214 1805 408 1869 Ptolemaeo
429 1817 618 1881 narrantes,
643 1805 758 1869 addit:
788 1803 901 1881 inosoc
924 1799 961 1868 dr
1015 1808 1171 1872 laertinae
1197 1807 1312 1882 vincit,
1342 1820 1377 1869 et
1402 1807 1544 1871 Seleuco
1572 1807 1612 1872 ad
1635 1813 1757 1892 praeri-

212 1903 248 1984 q'r
265 1906 350 1984 ἆτος,
372 1901 480 1980 hearne
493 1903 621 1986 irrasi,
638 1919 759 1985 quotus
775 1921 885 1970 autem
903 1907 960 1972 dt'c
1013 1909 1165 1994 piendam
1182 1907 1392 1989 Babyloniam
1414 1909 1539 1970 intento
1561 1911 1678 1972 auxilia
1699 1911 1757 1972 rui·

202 2007 335 2092 suerit,
355 2011 445 2088 ipsos
459 2011 666 2090 interrogate
685 2007 724 2086 ⁸).
751 2007 908 2071 Ceterum
922 2007 957 2070 in
1014 2011 1139 2076 nistret.
1189 2009 1315 2078 Verum
1354 2007 1393 2071 ab
1430 2008 1549 2072 eodem
1585 2011 1757 2077 Demetrio

212 2107 307 2175 factio
324 2107 510 2184 hietoricio,
539 2127 622 2194 quae
648 2107 848 2185 eomrraho,
869 2109 960 2176 vatt-
995 2111 1054 2182 ‚V.
1071 2113 1108 2179 C.
1130 2112 1203 2188 448.
1225 2109 1415 2190 famigerato
1443 2109 1482 2173 ad
1508 2110 1628 2175 Citium
1657 2114 1756 2200 Cypri

211 2209 347 2274 lentium
364 2209 559 2294 plerumque
576 2223 708 2272 mortno
723 2229 805 2275 aum.
843 2209 956 2305 Quare
1012 2215 1119 2279 navali
1149 2233 1257 2296 pugne
1292 2212 1442 2276 vincitur.
1485 2212 1650 2297 Antigono
1681 2229 1756 2299 post

211 2324 351 2378 trecente
372 2311 475 2376 riuum
503 2329 570 2374 non
590 2323 642 2373 eet
667 2311 814 2375 indicare
835 2311 955 2378 fontes.
1008 2315 1096 2380 hano
1111 2315 1278 2381 victoriam
1299 2311 1447 2376 diadema
1468 2314 1596 2398 regium
1625 2337 1754 2380 tumere

211 2413 336 2478 Nomou
356 2410 533 2480 Voillantio
554 2409 705 2496 ignetur,
728 2426 764 2475 ut
787 2426 822 2476 et
840 2435 956 2479 recen·
1010 2439 1091 2483 auto
1117 2419 1187 2500 ipre
1213 2433 1343 2500 quoque
1372 2415 1580 2479 Ptolemaeus
1606 2417 1755 2482 diadema

209 2515 333 2580 tiorum
351 2513 558 2578 eruditorum
586 2512 757 2582 ohrerreta
779 2513 863 2580 locis
886 2517 953 2580 auia
1007 2521 1118 2584 uomit.
1159 2517 1267 2582 Sociis
1298 2517 1379 2583 belli
1402 2517 1595 2598 Lyrimncho
1632 2533 1666 2582 et
1696 2520 1755 2582 Se·
1805 2507 1813 2516 ’

210 2615 360 2684 interero
376 2635 443 2682 ooo
463 2613 609 2700 neglexi.
1009 2620 1107 2685 leuco
1130 2620 1330 2703 Antigonum
1354 2619 1396 2686 V.
1412 2620 1449 2682 C.
1475 2620 1547 2695 453·
1577 2618 1619 2684 ad
1644 2623 1754 2705 iprum

941 2773 949 2787 ,
1008 2721 1172 2806 Phrygiae
1195 2719 1423 2786 internecione
1452 2717 1552 2782 delet.
1594 2721 1753 2787 Defectus

244 2861 249 2872 ·
316 2850 620 2928 prrommvs
641 2855 667 2922 1·
690 2853 850 2923 SOTER.
1009 2823 1133 2888 viribus
1162 2824 1342 2906 praeterito
1369 2820 1563 2886 Ptolemaeo
1592 2824 1751 2903 Cerauno,

1006 2945 1108 3010 quem
1125 2922 1187 2985 eibi
1201 2943 1285 2988 uxor
1302 2923 1407 3009 prima
1427 2924 1591 3006 Eurydice
1611 2928 1752 3010 peperit,

260 3022 357 3106 'Legi
367 3021 557 3086 Macedonio
573 3034 608 3085 et
622 3021 779 3086 Artinoee
795 3022 899 3100 lilino,
918 3037 954 3088 et
1003 3026 1148 3089 alterum
1163 3045 1204 3090 ex
1216 3024 1377 3090 Berenice
1390 3039 1500 3088 natum
1516 3045 1629 3108 regem
1643 3028 1751 3112 appel-

209 3123 365 3190 Bercolia
383 3123 549 3206 abnepoc,
570 3122 598 3184 ai
616 3121 698 3185 fider
714 3123 893 3187 Theocrito
909 3122 952 3206 b),
1009 3127 1070 3202 lat,
1093 3128 1163 3208 ipre
1179 3145 1264 3192 anno
1280 3137 1355 3207 post
1369 3126 1411 3192 V.
1428 3126 1466 3189 C.
1484 3135 1555 3202 47⁰·
1571 3127 1660 3190 M.
1679 3129 1750 3202 eliu.

209 3227 265 3291 olii
284 3225 429 3310 Philippi
444 3225 484 3286 11.
511 3223 600 3306 regio
617 3222 722 3284 lilium
741 3222 877 3301 dixere,
898 3225 953 3286 olii
1011 3226 1168 3300 moritur,
1198 3244 1299 3286 annor
1320 3236 1413 3286 notua
1438 3221 1607 3294 [xxxiv
1630 3227 1673 3307 d).
1701 3249 1752 3290 re-

208 3327 367 3393 chooerae
411 3323 548 3409 originis
589 3322 770 3390 necandum
807 3345 952 3389 amarum
1011 3327 1068 3411 gni
1095 3343 1180 3388 nuno
1209 3324 1277 3389 xl..
1309 3322 1379 3386 aliia
1402 3325 1576 3405 XXXIX„
1606 3349 1625 3389 a
1655 3326 1750 3390 laude

208 3423 606 3515 grannmneujmdan
640 3445 834 3509 reapooaurn
866 3423 951 3510 opud
1008 3426 1143 3503 bellica,
1161 3423 1348 3510 prudentia,
1365 3424 1609 3505 moderatione,
1627 3441 1661 3492 et
1675 3449 1751 3493 con·

205 3528 419 3596 Plutarchum
442 3529 483 3609 c).
527 3525 612 3596 Vide
641 3527 802 3590 eruditor:
816 3527 950 3592 oritiooo
1003 3529 1120 3594 otiento
1140 3547 1246 3613 regno
1267 3548 1353 3595 nero
1372 3527 1590 3594 immortalem
1611 3529 1750 3614 gloriam

186 3632 249 3698 'od
275 3631 380 3698 Curtii
417 3631 458 3696 L.
475 3629 529 3690 lx·
562 3649 632 3712 cap.
651 3630 684 3694 8.
725 3631 793 3692 Iam
816 3651 834 3693 a
858 3649 951 3713 prae·
1005 3643 1213 3696 consecutae.

207 3737 295 3800 clara
330 3736 365 3796 in
398 3731 584 3814 Philippum
609 3731 650 3795 11.
685 3729 750 3792 fide
788 3730 949 3814 cognitur,
1070 3731 1270 3796 llluntriorea
1288 3731 1398 3815 proleo
1415 3730 1510 3796 luere
1530 3751 1572 3796 ex
1585 3735 1749 3817 Eurydice

205 3857 282 3902 mox
299 3836 339 3899 ab
356 3833 546 3898 Alexandro
565 3832 653 3896 inter
674 3830 776 3895 doceo
791 3831 949 3910 udlectus,
1006 3833 1169 3917 Antipatri
1184 3831 1223 3896 F.
1245 3833 1456 3898 Ptolemaeus
1473 3833 1644 3898 Ceraunus
1660 3858 1678 3898 o
1696 3858 1748 3918 pa·

206 3938 240 4000 in
257 3937 354 4002 hellin
371 3936 522 4000 omnihus
545 3955 620 3998 cnm
643 3933 783 4011 uirtute,
807 3947 874 3998 tum
896 3957 950 4000 oo·
1004 3949 1076 4012 tre,
1098 3949 1133 3998 ut
1149 3933 1235 4010 dixi,
1257 3934 1472 4017 praeteritur,
1492 3935 1630 3998 unhinde
1652 3937 1749 4018 perh·

205 4043 319 4105 mirate
348 4037 516 4122 egregiam
545 4037 618 4119 regi
647 4036 775 4099 neverit
790 4056 948 4118 ,oporam
1003 4035 1066 4100 dou
1092 4037 1225 4102 Seletioi
1250 4051 1449 4118 percontor,
1479 4049 1513 4098 et
1534 4037 1747 4102 Macedoniae

181 4143 339 4206 *Mortuo
366 4115 556 4202 Alexandro
577 4139 624 4203 ld.
654 4137 687 4199 in
716 4136 845 4201 celebri
873 4159 949 4222 pro·
1004 4157 1078 4206 rer.
1120 4139 1173 4201 Ex
1194 4137 1366 4215 Berenice,
1387 4133 1429 4199 de
1450 4135 1542 4219 eujuo
1559 4158 1682 4222 genere
1700 4140 1748 4202 in·

205 4239 385 4311 vinciarum
407 4241 495 4302 iuter
521 4238 623 4304 ducet
650 4237 825 4324 partitione
849 4242 890 4308 V.
909 4242 946 4306 C.
1003 4239 1054 4305 ira
1080 4239 1117 4303 in
1142 4240 1212 4324 ejua
1240 4238 1364 4314 numia,
1396 4241 1623 4302 Ptolemaeum
1643 4241 1690 4306 11.
1712 4255 1747 4305 et

205 4345 278 4422 431.
298 4345 340 4410 d.
356 4344 396 4410 X.
416 4341 493 4408 323.
532 4344 718 4426 Aegyptum
739 4359 801 4425 pro
825 4341 948 4434 Philip·
1005 4345 1175 4426 Arsinoen
1192 4339 1387 4423 Lysimacho
1407 4339 1568 4404 Thraciae
1590 4341 1664 4424 regi
1689 4364 1746 4406 nu·

204 4443 407 4532 poeninen
428 4443 711 4509 administrandam
728 4441 871 4510 ahotulit.
909 4447 946 4507 ln
1002 4457 1110 4528 ptam,
1132 4442 1269 4508 subinde
1286 4441 1397 4509 freteio
1411 4442 1594 4509 Ptolemaei
1609 4446 1648 4508 ll.
1668 4465 1745 4506 uxo·
1850 4523 1858 4534 .

203 4569 295 4614 uuum
324 4545 492 4632 profectur
521 4547 724 4630 provinciam
748 4565 816 4610 non
843 4547 947 4612 multo
1003 4567 1086 4614 rem.
1129 4546 1196 4608 Sed
1216 4543 1377 4610 Berenice
1398 4543 1461 4628 jem
1484 4564 1525 4606 ex
1545 4545 1658 4630 priore
1680 4568 1744 4609 mr·

241 4759 272 4832 a)
286 4755 352 4814 Nat.
367 4753 454 4812 enirn.
474 4753 597 4816 L.Vlll.
612 4775 636 4815 c.
652 4765 678 4821 4.
735 4753 975 4833 b)t‹tytt.tht.
1032 4757 1063 4830 c)
1079 4751 1116 4810 de
1132 4753 1175 4810 ire
1191 4751 1290 4812 cohib.
1344 4751 1704 4822 d)Luciau.inhiecrob.
