4446 5570
642 577 715 648 DE
751 573 958 650 FESTlS
991 575 1066 650 AC
1101 573 1283 650 cvnis.
1316 644 1322 661 ,
1668 591 1740 661 tte

196 745 276 806 item
312 741 346 804 in
381 761 544 808 marmore
578 745 755 808 Chandleri
781 745 828 828 ·)ι
866 742 942 808 EN.
999 744 1185 809 nominibus
1205 743 1427 828 appellarent,
1456 765 1563 830 neque
1587 745 1746 810 adderent

194 841 466 910 ΛΑΟΔΙΚΕΙΑ.
494 841 942 914 TH.11nTP1d1.Mot.
999 849 1138 912 illustria
1166 848 1298 910 nornine
1327 844 1574 932 Olympiorum,
1611 848 1745 932 Pythie·

195 937 406 1012 nroraut
468 943 653 1012 ΠΡΩΤΗ.
716 943 941 1015 nxemtt.
998 969 1088 1028 rum,
1110 948 1279 1013 Actiorum
1299 959 1365 1011 etc.

196 1041 574 1112 onrorMEmttort.
623 1042 943 1113 ΑΝΤΩΝΕΙΝΙΑ-
1062 1053 1127 1114 lam
1148 1063 1182 1114 et
1200 1045 1405 1134 expedienda
1423 1048 1572 1127 veniunt,
1597 1071 1678 1135 quae
1702 1049 1744 1116 ad

195 1141 308 1209 NON.
344 1147 532 1212 Laodiceae
559 1149 732 1238 inperitia
758 1169 848 1226 meo,
880 1151 945 1234 Py·
1000 1150 1230 1235 inacriptionea
1269 1165 1428 1236 typoaque
1467 1152 1642 1232 pertinent.
1671 1151 1744 1214 .Ad
1787 1204 1792 1220 .

195 1247 325 1323 riarde,
350 1251 561 1330 quoeprimu
584 1251 761 1330 agebatur,
790 1251 944 1312 Oeeume·
999 1251 1071 1314 illae
1117 1251 1203 1335 quod
1247 1255 1380 1328 attinet,
1423 1251 1574 1313 ludorum
1615 1256 1745 1318 nomina

194 1351 306 1410 uicum
322 1347 607 1413 Antoninianum.
637 1349 773 1432 Exque
797 1361 942 1430 apparet,
1000 1355 1217 1416 communiter
1237 1355 1271 1414 in
1291 1355 1324 1414 A
1345 1363 1484 1428 exeunt,
1507 1369 1559 1414 ott
1590 1348 1744 1416 OATM·
1845 1375 1853 1392 ‘

195 1446 412 1512 Antocluitna
451 1447 638 1512 Laodicena
683 1448 769 1514 dicta
810 1450 941 1530 Pythia,
1000 1447 1745 1536 ure.1tnnt311³1a.ere.quaequidenna·

195 1549 283 1636 quod
308 1551 426 1613 horum
452 1569 544 1612 more
568 1551 745 1614 necandum
765 1549 942 1633 Pythiadee
999 1553 1045 1616 tio
1065 1553 1260 1618 enunciandi
1280 1552 1377 1617 ludoa
1397 1555 1544 1636 sertaque
1565 1568 1614 1618 eet
1631 1575 1744 1638 perre-

192 1652 467 1726 numerabantur,
494 1663 529 1713 et
550 1651 639 1736 qaod
661 1670 776 1714 eorum
798 1653 942 1736 praemia
998 1669 1061 1720 tua.
1101 1654 1233 1717 Etenim
1260 1655 1468 1731 Herodotus,
1499 1673 1564 1738 quo
1589 1655 1665 1718 loeo
1694 1659 1744 1720 lo·

195 1766 309 1818 errent
321 1752 405 1816 mala
421 1752 558 1835 perinde
576 1765 672 1837 atque
687 1750 889 1833 Pythiornm,
904 1765 943 1816 ut
997 1777 1075 1820 num
1094 1755 1214 1822 fertum
1234 1757 1387 1840 Neptuno
1406 1755 1581 1820 Heliconio
1601 1755 1743 1820 dicatum

193 1856 228 1920 itt
250 1855 303 1918 iria
324 1853 506 1920 docebitur.
543 1855 580 1915 In
602 1853 710 1916 nuntie
730 1854 943 1938 Philippopo·
999 1856 1173 1934 describit,
1203 1857 1250 1921 tio
1272 1857 1333 1920 ait:
1363 1853 1397 1931 ἐς
1416 1879 1470 1932 την
1492 1855 1610 1938 (henr)
1634 1861 1746 1919 συλλι-

192 1955 235 2020 lit
259 1955 419 2022 'I'ltrtciae
438 1955 578 2039 legitur:
607 1949 942 2018 ΑΛΕΞΑΝΔΡΕΙΑ
997 1981 1121 2046 papauer
1143 1957 1203 2021 eino
1224 1979 1283 2020 rur
1302 1961 1413 2020 nentur
1436 1957 1523 2031 Ῑωιις
1541 1955 1672 2044 airpecaot
1698 1957 1743 2036 ὄρ·

192 2073 272 2142 typo
294 2078 395 2122 urnae
414 2057 567 2120 ludorum
586 2055 704 2118 additia
721 2056 830 2134 maiia,
857 2075 940 2142 quae
997 2083 1068 2137 rar,
1088 2085 1127 2145 τῃ
1148 2055 1252 2122 iimo
1273 2058 1365 2142 irruat
1385 2051 1550 2121 narona„
1581 2051 1743 2120 Herculiu-

194 2161 363 2246 periataeia
386 2160 525 2237 indicat,
553 2159 729 2222 certamina
755 2158 837 2222 haee
862 2158 942 2220 Ata·
998 2179 1032 2223 ar
1054 2155 1088 2223 de
1110 2156 1745 2243 ὗτιμιιαιᾶι.1ωιαιιόρταιτξτο,ἄλλα

196 2261 352 2339 nandrea,
372 2263 486 2326 aaltem
505 2259 657 2342 spectatio
674 2259 845 2342 praemiia,
863 2257 942 2322 inia-
996 2285 1046 2324 aar
1064 2263 1211 2337 Ελληιωι
1229 2279 1345 2324 aanor
1367 2256 1477 2342 ὅμοιως
1497 2277 1595 2321 nauus
1616 2257 1650 2333 ἐς
1669 2267 1744 2320 rud·

195 2383 230 2428 ae
247 2364 382 2446 Pythia,
402 2377 438 2426 ut
453 2381 570 2429 revera
587 2361 621 2422 in
637 2361 744 2423 numia
763 2361 833 2445 eina
849 2359 952 2423 urbia·
996 2383 1033 2426 ro
1050 2385 1184 2448 perrupto
1207 2367 1411 2438 reiteratam,
1436 2383 1569 2442 rumen
1587 2379 1645 2421 rua
1662 2353 1744 2436 ilre-

194 2463 353 2528 aimilibue
386 2466 458 2530 aliia
484 2481 585 2548 eaepe
612 2477 785 2546 praeterea
812 2463 948 2526 additur
999 2481 1074 2527 aaut
1091 2485 1132 2525 ru
1149 2461 1291 2548 iacuerat.
1322 2463 1386 2525 Au
1401 2462 1465 2523 ltoe
1481 2459 1743 2544 promontorium

196 2566 386 2630 vocabulum
400 2563 564 2632 ΠΤΘΙΑ.
584 2567 694 2649 Atque
706 2566 826 2628 eodem
841 2566 952 2630 modoe
996 2567 1130 2630 collecti
1147 2584 1191 2628 eu
1209 2563 1344 2626 urbicus
1361 2563 1459 2626 Iones
1471 2563 1602 2646 sertum
1627 2573 1743 2644 egunt,

193 2669 413 2752 interpretare
436 2661 679 2729 CGTHPGIA.
698 2661 941 2731 ΟΛΤΜΠῙΔ.
997 2669 1086 2749 quod
1100 2669 1267 2730 Panionia
1282 2675 1412 2728 uocant.
1437 2665 1577 2727 Accidit
1593 2685 1666 2729 uero
1680 2667 1744 2728 ieoo

191 2771 263 2834 rel:
282 2761 757 2832 HPAKAIAoATMn-rn.
773 2766 844 2830 rel:
864 2767 948 2832 nlt-
996 2789 1062 2832 nen
1075 2768 1194 2830 Ionum
1212 2770 1380 2831 duntaxat
1386 2765 1510 2848 sestis,
1531 2767 1590 2828 sed
1604 2779 1637 2828 et
1651 2769 1745 2831 rimi·

191 2869 286 2935 ΤΙΑ.
303 2859 834 2934 nre1A.‹t›1AAeeA‹t›e1a.
851 2867 948 2928 etti·
997 2872 1077 2934 liter
1090 2873 1204 2931 omnia
1220 2871 1366 2931 omnium
1385 2865 1585 2930 Graecorum
1592 2872 1690 2950 sesto
1705 2871 1743 2930 in

193 2971 285 3036 milia
308 2969 441 3054 copiosa
463 2967 535 3034 alit·
568 2969 723 3032 Ceteram
748 2987 829 3033 reru
853 2965 946 3049 adju·-
996 2972 1083 3034 dune
1112 2971 1245 3033 literam
1275 2969 1449 3042 desinunt,
1479 2969 1616 3048 perinde
1644 2981 1743 3048 atque

192 3089 321 3138 ctorem
344 3090 535 3155 magnorum
560 3071 727 3134 nominum
757 3089 853 3133 cauea
877 3067 942 3132 tuit
997 3073 1173 3134 Persarum
1196 3070 1331 3130 nomina
1350 3065 1395 3148 ¹²).
1426 3065 1519 3160 Quae
1536 3067 1666 3148 quidem
1685 3068 1755 3166 lex·

193 3185 366 3260 peraperta
405 3172 475 3254 eiua
511 3171 625 3236 aetalia
661 3170 764 3233 libido
798 3171 940 3235 venandi
996 3171 1153 3254 deinceps
1171 3169 1267 3234 etiam
1285 3167 1318 3229 in
1337 3165 1472 3230 Graecia
1490 3167 1599 3233 valuit.
1631 3167 1741 3260 Quare

192 3295 331 3340 canoros
361 3275 474 3338 titulos
505 3286 539 3336 et
570 3273 756 3358 magnificae
794 3273 937 3358 appella·
988 3274 1028 3336 in
1070 3272 1178 3335 numia
1220 3272 1368 3351 Ancyrae
1411 3265 1557 3331 Galatiae
1600 3270 1740 3351 legitur:

188 3380 318 3456 tionea,
346 3375 434 3462 quod
461 3373 535 3440 fieri
564 3397 697 3459 temper
726 3387 828 3451 amat,
862 3392 937 3438 cum
994 3365 1536 3454 arnN.1ct·)pnnr01A.pr0
1553 3363 1741 3434 ΠΤΘΙΟΟ.

190 3498 289 3544 aerae
326 3476 517 3562 aolidaeque
556 3497 670 3541 caueae
711 3477 839 3541 denunt.
880 3475 937 3538 Ni-
988 3473 1249 3540 'etDioCaaaiua
1267 3472 1406 3556 loquerer
1421 3470 1464 3534 de
1481 3471 1635 3548 Nereae,
1658 3470 1742 3555 riopu-

191 3581 311 3644 mirum
336 3593 373 3642 ut
401 3599 516 3663 parum
544 3579 607 3643 tibi
635 3579 756 3643 laudati
783 3577 937 3644 ridebau·
994 3599 1043 3650 ru,
1060 3577 1181 3660 inquit,
1196 3593 1418 3652 ιιιιιαετηριιιοι
1433 3591 1643 3649 narret-nourr,
1664 3571 1742 3634 NE·

191 3682 476 3760 turNicaeeneee,
500 3681 528 3746 ai
546 3682 609 3748 riri
623 3695 746 3746 tuntum
764 3679 843 3744 boni
862 3697 939 3766 pro-
990 3677 1183 3743 ῬΩΝΕΙΑ
1226 3675 1311 3739 deror
1358 3671 1524 3758 ὁνομασας,
1576 3687 1743 3736 certarnen

191 3785 290 3869 bique
312 3796 504 3865 putarentur
531 3795 566 3849 et
592 3797 720 3861 errent,
746 3783 810 3847 niti
840 3783 937 3846 etiam
990 3778 1238 3861 quinquennale
1259 3781 1428 3854 instituit,
1454 3773 1679 3842 NERONIA
1702 3775 1743 3836 il·

191 3905 226 3948 te
243 3884 713 3972 nominibueaiersuupeprsur,
728 3888 944 3964 optimorum,
995 3883 1056 3944 iud
1070 3879 1297 3962 appellarer).
1335 3875 1438 3973 Quam
1457 3876 1589 3962 quidem
1607 3875 1740 3958 phratin

190 3991 424 4066 maximarum,
442 4009 524 4072 quae
541 3988 675 4071 proprie
685 3988 780 4050 doale
795 3985 938 4062 fuerunt,
990 3982 1183 4068 'planieeime
1208 3979 1350 4044 imitator
1377 3979 1478 4064 initae
1503 3978 1655 4054 Latinoa,
1689 3999 1744 4042 co-

191 4087 369 4166 efferrent,
400 4104 435 4154 ut
457 4103 611 4155 tercenta
633 4089 695 4152 alia
716 4087 865 4172 ejusdem
885 4108 939 4153 ra·
993 4085 1115 4171 picria,
1132 4083 1339 4168 optimaeque
1357 4095 1454 4146 nome
1473 4079 1668 4146 testimouiia
1686 4102 1743 4165 po-

188 4193 297 4254 nitatie
323 4191 473 4276 exempla
497 4203 721 4276 praeteream,
749 4193 794 4254 ita
818 4189 937 4274 partim
995 4201 1061 4252 teat
1084 4185 1312 4252 demonstrari.
1343 4187 1394 4246 En
1418 4202 1461 4248 ex
1484 4183 1663 4247 innumerie
1687 4185 1742 4246 ali·

188 4293 335 4356 civitatee
354 4293 499 4357 Graecae
524 4313 637 4377 parurn
663 4293 842 4356 honoratos
865 4311 938 4357 cre·
996 4303 1076 4375 quot
1093 4289 1255 4372 exemplu.
1279 4279 1418 4352 Ovidius
1436 4285 1478 4348 de
1495 4286 1648 4369 Apolline
1671 4285 1719 4364 d)=

190 4393 307 4460 didere
336 4395 431 4458 ludoa
459 4414 556 4472 auce,
585 4395 612 4458 ai
635 4412 693 4456 eor
714 4393 850 4472 privatin
872 4390 938 4458 auia
1237 4387 1245 4398 ’

224 4709 256 4778 a)
275 4705 367 4767 inser.
385 4721 443 4767 ent.
463 4721 549 4786 Mi·
564 4705 616 4770 Vi.
734 4707 770 4779 b)
790 4707 855 4766 L.l.
875 4727 900 4766 c·
914 4717 972 4772 liss·
1084 4729 1112 4774 θ,
1132 4700 1255 4760 ΜΧῙ.
1275 4703 1357 4774 §.ib
1482 4699 1516 4770 d)
1537 4698 1653 4758 liutem.
1675 4697 1704 4754 L.
1720 4695 1740 4754 l.

188 4801 289 4862 vato.

227 4909 319 4989 (ror.
337 4908 416 4990 JV.)
805 4916 811 4939 ι
1395 4899 1424 4959 ιι
1448 4897 1467 4957 n
1494 4899 1514 4958 n
