<?xml version="1.0" encoding="UTF-8"?>
<!DOCTYPE html PUBLIC "-//W3C//DTD XHTML 1.0 Transitional//EN"
    "http://www.w3.org/TR/xhtml1/DTD/xhtml1-transitional.dtd">
<html xmlns="http://www.w3.org/1999/xhtml" xml:lang="en" lang="en">
 <head>
  <title>
</title>
<meta http-equiv="Content-Type" content="text/html;charset=utf-8" />
  <meta name='ocr-system' content='tesseract 3.04.00' />
  <meta name='ocr-capabilities' content='ocr_page ocr_carea ocr_par ocr_line ocrx_word'/>
</head>
<body>
  <div class='ocr_page' id='page_1' title='image "./doctrinanvmorvm05grangoog/doctrinanvmorvm05grangoog_0025.png"; bbox 0 0 4444 5558; ppageno 0'>
   <div class='ocr_carea' id='block_1_1' title="bbox 502 555 1528 650">
    <p class='ocr_par' dir='ltr' id='par_1_1' title="bbox 502 555 1528 650">
     <span class='ocr_line' id='line_1_1' title="bbox 502 555 1528 650; baseline -0.018 0"><span class='ocrx_word' id='word_1_1' title='bbox 502 585 548 650; x_wconf 77' lang='lat' dir='ltr'>rr</span> <span class='ocrx_word' id='word_1_2' title='bbox 687 555 693 574; x_wconf 69' lang='lat'><strong>⁴</strong></span> <span class='ocrx_word' id='word_1_3' title='bbox 1017 558 1218 638; x_wconf 75' lang='lat' dir='ltr'>uscos</span> <span class='ocrx_word' id='word_1_4' title='bbox 1254 555 1528 635; x_wconf 73' lang='lat' dir='ltr'>securri.</span> 
     </span>
    </p>
   </div>
   <div class='ocr_carea' id='block_1_2' title="bbox 537 723 2048 918">
    <p class='ocr_par' dir='ltr' id='par_1_2' title="bbox 537 723 2048 918">
     <span class='ocr_line' id='line_1_2' title="bbox 537 723 2046 815; baseline -0.004 -17"><span class='ocrx_word' id='word_1_5' title='bbox 537 725 779 800; x_wconf 73' lang='lat' dir='ltr'>acathos:</span> <span class='ocrx_word' id='word_1_6' title='bbox 808 725 1200 798; x_wconf 74' lang='lat' dir='ltr'>PHlLADELPHl.</span> <span class='ocrx_word' id='word_1_7' title='bbox 1300 726 1340 793; x_wconf 85' lang='lat' dir='ltr'>sd</span> <span class='ocrx_word' id='word_1_8' title='bbox 1357 729 1454 814; x_wconf 84' lang='lat' dir='ltr'>qnod¹</span> <span class='ocrx_word' id='word_1_9' title='bbox 1463 723 1659 815; x_wconf 85' lang='lat' dir='ltr'>principium</span> <span class='ocrx_word' id='word_1_10' title='bbox 1681 725 1856 794; x_wconf 83' lang='lat' dir='ltr'>relerendi</span> <span class='ocrx_word' id='word_1_11' title='bbox 1876 725 1950 792; x_wconf 73' lang='lat' dir='ltr'>sunt</span> <span class='ocrx_word' id='word_1_12' title='bbox 1971 729 2046 794; x_wconf 84' lang='lat' dir='ltr'>anni</span> 
     </span>
     <span class='ocr_line' id='line_1_3' title="bbox 1298 829 2048 918; baseline 0.001 -23"><span class='ocrx_word' id='word_1_13' title='bbox 1298 832 1415 895; x_wconf 80' lang='lat' dir='ltr'>minuti</span> <span class='ocrx_word' id='word_1_14' title='bbox 1440 829 1468 893; x_wconf 92' lang='lat' dir='ltr'>B</span> <span class='ocrx_word' id='word_1_15' title='bbox 1492 845 1526 895; x_wconf 90' lang='lat' dir='ltr'>ot</span> <span class='ocrx_word' id='word_1_16' title='bbox 1551 831 1594 907; x_wconf 71' lang='lat'>5?</span> <span class='ocrx_word' id='word_1_17' title='bbox 1624 834 1676 893; x_wconf 77' lang='lat' dir='ltr'>An</span> <span class='ocrx_word' id='word_1_18' title='bbox 1705 832 1747 897; x_wconf 83' lang='lat' dir='ltr'>sd</span> <span class='ocrx_word' id='word_1_19' title='bbox 1770 849 1910 918; x_wconf 78' lang='lat' dir='ltr'>rognum</span> <span class='ocrx_word' id='word_1_20' title='bbox 1938 831 2048 896; x_wconf 85' lang='lat' dir='ltr'>mariti</span> 
     </span>
    </p>
   </div>
   <div class='ocr_carea' id='block_1_3' title="bbox 560 918 2048 1022">
    <p class='ocr_par' dir='ltr' id='par_1_3' title="bbox 560 918 2048 1022">
     <span class='ocr_line' id='line_1_4' title="bbox 560 918 2048 1022; baseline -0.004 -18"><span class='ocrx_word' id='word_1_21' title='bbox 560 942 668 1022; x_wconf 81' lang='lat' dir='ltr'>Caput</span> <span class='ocrx_word' id='word_1_22' title='bbox 690 940 826 1020; x_wconf 75' lang='lat' dir='ltr'>reginae</span> <span class='ocrx_word' id='word_1_23' title='bbox 848 939 1073 1002; x_wconf 75' lang='lat' dir='ltr'><em>diadematum</em></span> <span class='ocrx_word' id='word_1_24' title='bbox 1098 939 1242 1002; x_wconf 82' lang='lat' dir='ltr'>volutum</span> <span class='ocrx_word' id='word_1_25' title='bbox 1273 918 1533 1020; x_wconf 65' lang='lat' dir='ltr'>&#39;Philadelphus</span> <span class='ocrx_word' id='word_1_26' title='bbox 1572 935 1697 1000; x_wconf 81' lang='lat' dir='ltr'>Verum</span> <span class='ocrx_word' id='word_1_27' title='bbox 1720 949 1807 998; x_wconf 89' lang='lat' dir='ltr'>anno</span> <span class='ocrx_word' id='word_1_28' title='bbox 1829 931 1870 996; x_wconf 81' lang='lat' dir='ltr'>li.</span> <span class='ocrx_word' id='word_1_29' title='bbox 1900 935 1970 1017; x_wconf 85' lang='lat' dir='ltr'>ejus</span> <span class='ocrx_word' id='word_1_30' title='bbox 1992 949 2048 998; x_wconf 69' lang='lat' dir='ltr'>‘tc-</span> 
     </span>
    </p>
   </div>
   <div class='ocr_carea' id='block_1_4' title="bbox 411 1029 2047 4685">
    <p class='ocr_par' dir='ltr' id='par_1_4' title="bbox 411 1029 2047 4685">
     <span class='ocr_line' id='line_1_5' title="bbox 493 1029 2047 1124; baseline -0.005 -18"><span class='ocrx_word' id='word_1_31' title='bbox 493 1043 686 1106; x_wconf 74' lang='lat' dir='ltr'>immineste</span> <span class='ocrx_word' id='word_1_32' title='bbox 703 1040 794 1122; x_wconf 87' lang='lat' dir='ltr'>flore</span> <span class='ocrx_word' id='word_1_33' title='bbox 816 1041 898 1116; x_wconf 84' lang='lat' dir='ltr'>loti,</span> <span class='ocrx_word' id='word_1_34' title='bbox 917 1059 1003 1121; x_wconf 82' lang='lat' dir='ltr'>pone</span> <span class='ocrx_word' id='word_1_35' title='bbox 1020 1039 1124 1104; x_wconf 63' lang='lat' dir='ltr'>hoel</span> <span class='ocrx_word' id='word_1_36' title='bbox 1144 1035 1174 1100; x_wconf 88' lang='grc' dir='ltr'>Θ</span> <span class='ocrx_word' id='word_1_37' title='bbox 1192 1040 1246 1104; x_wconf 81' lang='lat' dir='ltr'>vel</span> <span class='ocrx_word' id='word_1_38' title='bbox 1299 1033 1429 1124; x_wconf 74' lang='lat' dir='ltr'>guantis</span> <span class='ocrx_word' id='word_1_39' title='bbox 1456 1036 1518 1099; x_wconf 84' lang='lat' dir='ltr'>luit</span> <span class='ocrx_word' id='word_1_40' title='bbox 1542 1029 1683 1100; x_wconf 71' lang='lat' dir='ltr'>Arsinoe</span> <span class='ocrx_word' id='word_1_41' title='bbox 1710 1029 1819 1100; x_wconf 76' lang='lat' dir='ltr'>adhuc</span> <span class='ocrx_word' id='word_1_42' title='bbox 1845 1053 1930 1099; x_wconf 77' lang='lat' dir='ltr'>uror</span> <span class='ocrx_word' id='word_1_43' title='bbox 1956 1037 2047 1120; x_wconf 83' lang='lat' dir='ltr'>Lysi·</span> 
     </span>
     <span class='ocr_line' id='line_1_6' title="bbox 492 1131 2047 1221; baseline -0.003 -14"><span class='ocrx_word' id='word_1_44' title='bbox 492 1145 527 1207; x_wconf 78' lang='lat' dir='ltr'>K</span> <span class='ocrx_word' id='word_1_45' title='bbox 543 1143 597 1207; x_wconf 82' lang='lat' dir='ltr'>vol</span> <span class='ocrx_word' id='word_1_46' title='bbox 608 1133 654 1206; x_wconf 87' lang='grc' dir='ltr'>Α.</span> <span class='ocrx_word' id='word_1_47' title='bbox 685 1134 1242 1204; x_wconf 71' lang='lat' dir='ltr'>tAP21NOH2.‹t›1AAARA·</span> <span class='ocrx_word' id='word_1_48' title='bbox 1298 1137 1416 1202; x_wconf 84' lang='lat' dir='ltr'>machi.</span> <span class='ocrx_word' id='word_1_49' title='bbox 1456 1137 1508 1200; x_wconf 72' lang='lat' dir='ltr'>hb</span> <span class='ocrx_word' id='word_1_50' title='bbox 1534 1131 1585 1201; x_wconf 88' lang='lat' dir='ltr'>his</span> <span class='ocrx_word' id='word_1_51' title='bbox 1610 1137 1695 1202; x_wconf 81' lang='lat' dir='ltr'>adeo</span> <span class='ocrx_word' id='word_1_52' title='bbox 1720 1139 1826 1204; x_wconf 84' lang='lat' dir='ltr'>numis</span> <span class='ocrx_word' id='word_1_53' title='bbox 1848 1139 2047 1221; x_wconf 69' lang='lat' dir='ltr'>ingravescit</span> 
     </span>
     <span class='ocr_line' id='line_1_7' title="bbox 495 1238 2047 1325; baseline -0.001 -21"><span class='ocrx_word' id='word_1_54' title='bbox 495 1238 609 1308; x_wconf 76' lang='lat' dir='ltr'>«hot.</span> <span class='ocrx_word' id='word_1_55' title='bbox 643 1243 779 1325; x_wconf 72' lang='lat' dir='ltr'>Duplam</span> <span class='ocrx_word' id='word_1_56' title='bbox 797 1247 1015 1322; x_wconf 84' lang='lat' dir='ltr'>cornucopiue</span> <span class='ocrx_word' id='word_1_57' title='bbox 1034 1242 1240 1324; x_wconf 81' lang='lat' dir='ltr'>colligatum.</span> <span class='ocrx_word' id='word_1_58' title='bbox 1296 1241 1582 1324; x_wconf 55' lang='lat' dir='ltr'>diliculum-qua</span> <span class='ocrx_word' id='word_1_59' title='bbox 1601 1259 1697 1323; x_wconf 86' lang='lat' dir='ltr'>snpra</span> <span class='ocrx_word' id='word_1_60' title='bbox 1720 1238 1787 1301; x_wconf 74' lang='lat' dir='ltr'>dui</span> <span class='ocrx_word' id='word_1_61' title='bbox 1809 1239 1961 1305; x_wconf 81' lang='lat' dir='ltr'>laborare</span> <span class='ocrx_word' id='word_1_62' title='bbox 1983 1242 2047 1305; x_wconf 89' lang='lat' dir='ltr'>cal·</span> 
     </span>
     <span class='ocr_line' id='line_1_8' title="bbox 491 1334 2047 1427; baseline 0.001 -21"><span class='ocrx_word' id='word_1_63' title='bbox 491 1345 566 1412; x_wconf 76' lang='lat' dir='ltr'>AV.</span> <span class='ocrx_word' id='word_1_64' title='bbox 582 1365 679 1410; x_wconf 77' lang='lat' dir='ltr'>mm.</span> <span class='ocrx_word' id='word_1_65' title='bbox 696 1341 1088 1427; x_wconf 67' lang='lat' dir='ltr'>(otiacaeseatterin.)</span> <span class='ocrx_word' id='word_1_66' title='bbox 1110 1345 1243 1408; x_wconf 74' lang='lat' dir='ltr'>Inclita</span> <span class='ocrx_word' id='word_1_67' title='bbox 1297 1342 1409 1406; x_wconf 89' lang='lat' dir='ltr'>culum</span> <span class='ocrx_word' id='word_1_68' title='bbox 1438 1334 1596 1406; x_wconf 88' lang='lat' dir='ltr'>annorum</span> <span class='ocrx_word' id='word_1_69' title='bbox 1626 1339 1833 1425; x_wconf 80' lang='lat' dir='ltr'><strong>Philadelphi</strong></span> <span class='ocrx_word' id='word_1_70' title='bbox 1863 1345 1970 1406; x_wconf 79' lang='lat' dir='ltr'>usmis</span> <span class='ocrx_word' id='word_1_71' title='bbox 1999 1345 2047 1408; x_wconf 72' lang='lat' dir='ltr'>iu·</span> 
     </span>
     <span class='ocr_line' id='line_1_9' title="bbox 494 1427 2045 1530; baseline -0.003 -20"><span class='ocrx_word' id='word_1_72' title='bbox 494 1447 664 1511; x_wconf 78' lang='lat' dir='ltr'>adduntur</span> <span class='ocrx_word' id='word_1_73' title='bbox 680 1446 779 1508; x_wconf 82' lang='lat' dir='ltr'>unni:</span> <span class='ocrx_word' id='word_1_74' title='bbox 807 1445 848 1510; x_wconf 87' lang='lat' dir='ltr'>L.</span> <span class='ocrx_word' id='word_1_75' title='bbox 862 1443 902 1510; x_wconf 89' lang='lat' dir='ltr'>B.</span> <span class='ocrx_word' id='word_1_76' title='bbox 921 1447 974 1507; x_wconf 83' lang='lat' dir='ltr'>vel</span> <span class='ocrx_word' id='word_1_77' title='bbox 989 1471 1021 1521; x_wconf 76' lang='lat' dir='ltr'>s.</span> <span class='ocrx_word' id='word_1_78' title='bbox 1048 1445 1119 1512; x_wconf 73' lang='lat' dir='ltr'>AV.</span> <span class='ocrx_word' id='word_1_79' title='bbox 1138 1465 1181 1508; x_wconf 86' lang='lat' dir='ltr'>m.</span> <span class='ocrx_word' id='word_1_80' title='bbox 1198 1465 1242 1508; x_wconf 78' lang='lat' dir='ltr'>m·</span> <span class='ocrx_word' id='word_1_81' title='bbox 1295 1427 1507 1530; x_wconf 82' lang='lat' dir='ltr'>scriptorum.</span> <span class='ocrx_word' id='word_1_82' title='bbox 1551 1444 1657 1520; x_wconf 72' lang='lat' dir='ltr'>Vide,</span> <span class='ocrx_word' id='word_1_83' title='bbox 1689 1460 1772 1526; x_wconf 84' lang='lat' dir='ltr'>quae</span> <span class='ocrx_word' id='word_1_84' title='bbox 1795 1441 1839 1506; x_wconf 87' lang='lat' dir='ltr'>de</span> <span class='ocrx_word' id='word_1_85' title='bbox 1859 1443 1925 1508; x_wconf 81' lang='lat' dir='ltr'>hdo</span> <span class='ocrx_word' id='word_1_86' title='bbox 1951 1463 2045 1528; x_wconf 76' lang='lat' dir='ltr'>argn-</span> 
     </span>
     <span class='ocr_line' id='line_1_10' title="bbox 490 1529 2046 1630; baseline 0 -20"><span class='ocrx_word' id='word_1_87' title='bbox 490 1529 669 1630; x_wconf 43' lang='lat' dir='ltr'>(hlusssld.</span> <span class='ocrx_word' id='word_1_88' title='bbox 694 1546 822 1628; x_wconf 80' lang='lat' dir='ltr'>Ducis)</span> <span class='ocrx_word' id='word_1_89' title='bbox 861 1545 903 1610; x_wconf 71' lang='lat'>1³.</span> <span class='ocrx_word' id='word_1_90' title='bbox 925 1541 1000 1610; x_wconf 91' lang='grc' dir='ltr'>ΛΓ.</span> <span class='ocrx_word' id='word_1_91' title='bbox 1038 1547 1110 1613; x_wconf 80' lang='lat' dir='ltr'>AV.</span> <span class='ocrx_word' id='word_1_92' title='bbox 1132 1567 1176 1610; x_wconf 88' lang='lat' dir='ltr'>m.</span> <span class='ocrx_word' id='word_1_93' title='bbox 1197 1567 1243 1614; x_wconf 79' lang='lat' dir='ltr'>na.</span> <span class='ocrx_word' id='word_1_94' title='bbox 1297 1545 1528 1629; x_wconf 72' lang='lat' dir='ltr'>montooplura</span> <span class='ocrx_word' id='word_1_95' title='bbox 1552 1545 1690 1610; x_wconf 76' lang='lat' dir='ltr'>disserui</span> <span class='ocrx_word' id='word_1_96' title='bbox 1709 1545 1744 1606; x_wconf 88' lang='lat' dir='ltr'>in</span> <span class='ocrx_word' id='word_1_97' title='bbox 1767 1547 1848 1608; x_wconf 89' lang='lat' dir='ltr'>meis</span> <span class='ocrx_word' id='word_1_98' title='bbox 1866 1546 1974 1608; x_wconf 86' lang='lat' dir='ltr'>numia</span> <span class='ocrx_word' id='word_1_99' title='bbox 1994 1565 2046 1610; x_wconf 81' lang='lat' dir='ltr'>vo·</span> 
     </span>
     <span class='ocr_line' id='line_1_11' title="bbox 494 1638 2045 1732; baseline 0.001 -22"><span class='ocrx_word' id='word_1_100' title='bbox 494 1647 615 1730; x_wconf 83' lang='lat' dir='ltr'>(Hard.</span> <span class='ocrx_word' id='word_1_101' title='bbox 634 1638 669 1708; x_wconf 84' lang='lat' dir='ltr'>in</span> <span class='ocrx_word' id='word_1_102' title='bbox 687 1661 756 1713; x_wconf 91' lang='lat' dir='ltr'>not.</span> <span class='ocrx_word' id='word_1_103' title='bbox 777 1647 816 1710; x_wconf 85' lang='lat' dir='ltr'>ad</span> <span class='ocrx_word' id='word_1_104' title='bbox 835 1649 920 1712; x_wconf 84' lang='lat' dir='ltr'>Plin.</span> <span class='ocrx_word' id='word_1_105' title='bbox 937 1649 977 1714; x_wconf 82' lang='grc' dir='ltr'>Τ,</span> <span class='ocrx_word' id='word_1_106' title='bbox 994 1649 1034 1714; x_wconf 87' lang='lat'>11.</span> <span class='ocrx_word' id='word_1_107' title='bbox 1056 1669 1087 1732; x_wconf 89' lang='lat' dir='ltr'>p.</span> <span class='ocrx_word' id='word_1_108' title='bbox 1101 1647 1191 1732; x_wconf 75' lang='lat'><strong>736.)</strong></span> <span class='ocrx_word' id='word_1_109' title='bbox 1299 1647 1424 1710; x_wconf 80' lang='lat' dir='ltr'>teribus</span> <span class='ocrx_word' id='word_1_110' title='bbox 1447 1666 1521 1731; x_wconf 75' lang='lat' dir='ltr'>pag.</span> <span class='ocrx_word' id='word_1_111' title='bbox 1536 1663 1625 1728; x_wconf 70' lang='lat' dir='ltr'>apo..</span> <span class='ocrx_word' id='word_1_112' title='bbox 1657 1663 1725 1732; x_wconf 84' lang='lat' dir='ltr'>qno</span> <span class='ocrx_word' id='word_1_113' title='bbox 1746 1645 1824 1711; x_wconf 82' lang='lat' dir='ltr'>loeo</span> <span class='ocrx_word' id='word_1_114' title='bbox 1844 1664 1960 1711; x_wconf 90' lang='lat' dir='ltr'>numos</span> <span class='ocrx_word' id='word_1_115' title='bbox 1986 1649 2045 1712; x_wconf 69' lang='lat' dir='ltr'>Ar</span> 
     </span>
     <span class='ocr_line' id='line_1_12' title="bbox 557 1748 1875 1814; baseline -0.002 -1"><span class='ocrx_word' id='word_1_116' title='bbox 557 1751 704 1813; x_wconf 87' lang='lat' dir='ltr'>lllnstres</span> <span class='ocrx_word' id='word_1_117' title='bbox 719 1748 754 1810; x_wconf 90' lang='lat' dir='ltr'>hi</span> <span class='ocrx_word' id='word_1_118' title='bbox 769 1748 859 1811; x_wconf 85' lang='lat' dir='ltr'>nami</span> <span class='ocrx_word' id='word_1_119' title='bbox 877 1748 970 1813; x_wconf 83' lang='lat' dir='ltr'>aurai</span> <span class='ocrx_word' id='word_1_120' title='bbox 984 1762 1107 1814; x_wconf 83' lang='lat' dir='ltr'>certam</span> <span class='ocrx_word' id='word_1_121' title='bbox 1126 1750 1244 1812; x_wconf 84' lang='lat' dir='ltr'>sistunt</span> <span class='ocrx_word' id='word_1_122' title='bbox 1298 1748 1409 1812; x_wconf 81' lang='lat' dir='ltr'>sinoes</span> <span class='ocrx_word' id='word_1_123' title='bbox 1428 1763 1468 1810; x_wconf 83' lang='lat' dir='ltr'>ex</span> <span class='ocrx_word' id='word_1_124' title='bbox 1483 1767 1600 1812; x_wconf 85' lang='lat' dir='ltr'>musco</span> <span class='ocrx_word' id='word_1_125' title='bbox 1621 1749 1774 1812; x_wconf 74' lang='lat' dir='ltr'>Matisco</span> <span class='ocrx_word' id='word_1_126' title='bbox 1791 1749 1875 1814; x_wconf 77' lang='lat' dir='ltr'>miti.—</span> 
     </span>
     <span class='ocr_line' id='line_1_13' title="bbox 491 1841 2044 1936; baseline 0.001 -23"><span class='ocrx_word' id='word_1_127' title='bbox 491 1851 703 1936; x_wconf 88' lang='lat' dir='ltr'>Philadelphi</span> <span class='ocrx_word' id='word_1_128' title='bbox 732 1861 888 1926; x_wconf 68' lang='lat' dir='ltr'>uxorem</span> <span class='ocrx_word' id='word_1_129' title='bbox 922 1849 982 1913; x_wconf 84' lang='lat' dir='ltr'>aad</span> <span class='ocrx_word' id='word_1_130' title='bbox 1008 1869 1101 1928; x_wconf 84' lang='lat' dir='ltr'>cum,</span> <span class='ocrx_word' id='word_1_131' title='bbox 1132 1866 1169 1914; x_wconf 87' lang='lat' dir='ltr'>nt</span> <span class='ocrx_word' id='word_1_132' title='bbox 1196 1844 1244 1914; x_wconf 90' lang='lat' dir='ltr'>di·</span> <span class='ocrx_word' id='word_1_133' title='bbox 1362 1849 1460 1912; x_wconf 83' lang='lat' dir='ltr'>Nntui</span> <span class='ocrx_word' id='word_1_134' title='bbox 1484 1843 1733 1915; x_wconf 82' lang='lat' dir='ltr'>hiPtolemsco</span> <span class='ocrx_word' id='word_1_135' title='bbox 1758 1850 1953 1915; x_wconf 68' lang='lat' dir='ltr'>luriculam</span> <span class='ocrx_word' id='word_1_136' title='bbox 1977 1841 2044 1914; x_wconf 72' lang='lat'>(151.</span> 
     </span>
     <span class='ocr_line' id='line_1_14' title="bbox 492 1944 2045 2036; baseline -0.004 -21"><span class='ocrx_word' id='word_1_137' title='bbox 492 1955 616 2030; x_wconf 80' lang='lat' dir='ltr'>ximus,</span> <span class='ocrx_word' id='word_1_138' title='bbox 643 1953 734 2015; x_wconf 91' lang='lat' dir='ltr'>binas</span> <span class='ocrx_word' id='word_1_139' title='bbox 749 1951 902 2016; x_wconf 82' lang='lat' dir='ltr'>hahuerit</span> <span class='ocrx_word' id='word_1_140' title='bbox 925 1953 989 2016; x_wconf 86' lang='lat' dir='ltr'>hcc</span> <span class='ocrx_word' id='word_1_141' title='bbox 1011 1951 1143 2020; x_wconf 73' lang='lat' dir='ltr'>nomine</span> <span class='ocrx_word' id='word_1_142' title='bbox 1167 1973 1242 2016; x_wconf 90' lang='lat' dir='ltr'>onn-</span> <span class='ocrx_word' id='word_1_143' title='bbox 1298 1944 1565 2014; x_wconf 77' lang='grc' dir='ltr'>ΑΑΔΕΛΦΟΤ</span> <span class='ocrx_word' id='word_1_144' title='bbox 1587 1953 1653 2036; x_wconf 81' lang='lat' dir='ltr'>jam</span> <span class='ocrx_word' id='word_1_145' title='bbox 1677 1973 1719 2014; x_wconf 84' lang='lat' dir='ltr'>ex</span> <span class='ocrx_word' id='word_1_146' title='bbox 1745 1952 1910 2015; x_wconf 68' lang='lat' dir='ltr'>historicis</span> <span class='ocrx_word' id='word_1_147' title='bbox 1936 1949 2045 2034; x_wconf 83' lang='lat' dir='ltr'>cogni-</span> 
     </span>
     <span class='ocr_line' id='line_1_15' title="bbox 491 2051 2045 2140; baseline -0.002 -23"><span class='ocrx_word' id='word_1_148' title='bbox 491 2054 607 2140; x_wconf 81' lang='lat' dir='ltr'>jngea‚</span> <span class='ocrx_word' id='word_1_149' title='bbox 636 2056 774 2140; x_wconf 88' lang='lat' dir='ltr'>primam</span> <span class='ocrx_word' id='word_1_150' title='bbox 797 2055 960 2118; x_wconf 77' lang='lat' dir='ltr'>Arsinoen</span> <span class='ocrx_word' id='word_1_151' title='bbox 979 2054 1164 2137; x_wconf 75' lang='lat' dir='ltr'>Lysimachi</span> <span class='ocrx_word' id='word_1_152' title='bbox 1182 2053 1243 2132; x_wconf 68' lang='lat' dir='ltr'>lt,</span> <span class='ocrx_word' id='word_1_153' title='bbox 1295 2063 1373 2114; x_wconf 86' lang='lat' dir='ltr'>tnm&#39;</span> <span class='ocrx_word' id='word_1_154' title='bbox 1404 2051 1509 2135; x_wconf 89' lang='lat' dir='ltr'>palam</span> <span class='ocrx_word' id='word_1_155' title='bbox 1545 2055 1745 2137; x_wconf 87' lang='lat' dir='ltr'>impertiunt.</span> <span class='ocrx_word' id='word_1_156' title='bbox 1796 2055 1934 2131; x_wconf 83' lang='lat' dir='ltr'>Nescio,</span> <span class='ocrx_word' id='word_1_157' title='bbox 1975 2053 2045 2136; x_wconf 86' lang='lat' dir='ltr'>quis</span> 
     </span>
     <span class='ocr_line' id='line_1_16' title="bbox 493 2143 2044 2237; baseline -0.002 -19"><span class='ocrx_word' id='word_1_158' title='bbox 493 2169 528 2220; x_wconf 89' lang='lat' dir='ltr'>et</span> <span class='ocrx_word' id='word_1_159' title='bbox 556 2156 618 2219; x_wconf 87' lang='lat' dir='ltr'>hac</span> <span class='ocrx_word' id='word_1_160' title='bbox 648 2154 817 2237; x_wconf 78' lang='lat' dir='ltr'>repudiata</span> <span class='ocrx_word' id='word_1_161' title='bbox 837 2157 1001 2218; x_wconf 74' lang='lat' dir='ltr'>Arsinoen</span> <span class='ocrx_word' id='word_1_162' title='bbox 1029 2156 1163 2220; x_wconf 89' lang='lat' dir='ltr'>alteram</span> <span class='ocrx_word' id='word_1_163' title='bbox 1190 2177 1242 2220; x_wconf 91' lang='lat' dir='ltr'>so-</span> <span class='ocrx_word' id='word_1_164' title='bbox 1297 2154 1402 2215; x_wconf 84' lang='lat' dir='ltr'>malus</span> <span class='ocrx_word' id='word_1_165' title='bbox 1428 2155 1543 2237; x_wconf 82' lang='lat' dir='ltr'>genius</span> <span class='ocrx_word' id='word_1_166' title='bbox 1570 2156 1731 2218; x_wconf 75' lang='lat' dir='ltr'>adstiterit</span> <span class='ocrx_word' id='word_1_167' title='bbox 1748 2143 1945 2230; x_wconf 79' lang='lat' dir='ltr'>Vaillsntic‚</span> <span class='ocrx_word' id='word_1_168' title='bbox 1971 2163 2044 2216; x_wconf 83' lang='lat' dir='ltr'>cum</span> 
     </span>
     <span class='ocr_line' id='line_1_17' title="bbox 490 2253 2045 2341; baseline -0.001 -22"><span class='ocrx_word' id='word_1_169' title='bbox 490 2275 606 2319; x_wconf 85' lang='lat' dir='ltr'>rorem</span> <span class='ocrx_word' id='word_1_170' title='bbox 626 2277 717 2320; x_wconf 89' lang='lat' dir='ltr'>suam</span> <span class='ocrx_word' id='word_1_171' title='bbox 740 2257 857 2321; x_wconf 83' lang='lat' dir='ltr'>eadem</span> <span class='ocrx_word' id='word_1_172' title='bbox 880 2271 973 2341; x_wconf 87' lang='lat' dir='ltr'>patre</span> <span class='ocrx_word' id='word_1_173' title='bbox 994 2277 1031 2322; x_wconf 90' lang='lat' dir='ltr'>so</span> <span class='ocrx_word' id='word_1_174' title='bbox 1054 2269 1157 2320; x_wconf 88' lang='lat' dir='ltr'>matre</span> <span class='ocrx_word' id='word_1_175' title='bbox 1186 2277 1243 2328; x_wconf 81' lang='lat' dir='ltr'>ns·</span> <span class='ocrx_word' id='word_1_176' title='bbox 1295 2254 1493 2337; x_wconf 79' lang='lat' dir='ltr'>scripserat,</span> <span class='ocrx_word' id='word_1_177' title='bbox 1526 2257 1754 2320; x_wconf 77' lang='lat' dir='ltr'><strong>Ptolemaeum</strong></span> <span class='ocrx_word' id='word_1_178' title='bbox 1783 2275 1905 2320; x_wconf 87' lang='lat' dir='ltr'>nomen</span> <span class='ocrx_word' id='word_1_179' title='bbox 1936 2253 2045 2318; x_wconf 89' lang='lat' dir='ltr'>Phila·</span> 
     </span>
     <span class='ocr_line' id='line_1_18' title="bbox 493 2355 2044 2444; baseline -0.001 -25"><span class='ocrx_word' id='word_1_180' title='bbox 493 2371 577 2433; x_wconf 87' lang='lat' dir='ltr'>tam,</span> <span class='ocrx_word' id='word_1_181' title='bbox 604 2358 790 2440; x_wconf 80' lang='lat' dir='ltr'>Lysimachi</span> <span class='ocrx_word' id='word_1_182' title='bbox 811 2359 957 2433; x_wconf 75' lang='lat' dir='ltr'>uiduam,</span> <span class='ocrx_word' id='word_1_183' title='bbox 984 2357 1149 2423; x_wconf 81' lang='lat' dir='ltr'>variarunt</span> <span class='ocrx_word' id='word_1_184' title='bbox 1167 2376 1241 2420; x_wconf 83' lang='lat' dir='ltr'>rra·</span> <span class='ocrx_word' id='word_1_185' title='bbox 1294 2355 1412 2439; x_wconf 79' lang='lat' dir='ltr'><strong>delphi</strong></span> <span class='ocrx_word' id='word_1_186' title='bbox 1430 2359 1621 2442; x_wconf 76' lang='lat' dir='ltr'>sumpsisse,</span> <span class='ocrx_word' id='word_1_187' title='bbox 1643 2357 1736 2444; x_wconf 80' lang='lat' dir='ltr'>quod</span> <span class='ocrx_word' id='word_1_188' title='bbox 1755 2374 1829 2422; x_wconf 78' lang='lat' dir='ltr'>cam</span> <span class='ocrx_word' id='word_1_189' title='bbox 1850 2360 1953 2422; x_wconf 78' lang='lat' dir='ltr'>fratrc</span> <span class='ocrx_word' id='word_1_190' title='bbox 1970 2357 2044 2418; x_wconf 84' lang='lat' dir='ltr'>Pto·</span> 
     </span>
     <span class='ocr_line' id='line_1_19' title="bbox 494 2458 2041 2545; baseline 0.002 -27"><span class='ocrx_word' id='word_1_191' title='bbox 494 2458 637 2521; x_wconf 86' lang='lat' dir='ltr'>‹litornm</span> <span class='ocrx_word' id='word_1_192' title='bbox 661 2461 860 2538; x_wconf 86' lang='lat' dir='ltr'>sententiaa,</span> <span class='ocrx_word' id='word_1_193' title='bbox 891 2461 961 2525; x_wconf 89' lang='lat' dir='ltr'>aliis</span> <span class='ocrx_word' id='word_1_194' title='bbox 989 2461 1154 2545; x_wconf 87' lang='lat' dir='ltr'>priorem,</span> <span class='ocrx_word' id='word_1_195' title='bbox 1182 2479 1240 2544; x_wconf 89' lang='lat' dir='ltr'>po·</span> <span class='ocrx_word' id='word_1_196' title='bbox 1288 2459 1425 2525; x_wconf 81' lang='lat' dir='ltr'>iamnes</span> <span class='ocrx_word' id='word_1_197' title='bbox 1443 2461 1594 2524; x_wconf 82' lang='lat' dir='ltr'>Cerauno</span> <span class='ocrx_word' id='word_1_198' title='bbox 1607 2461 1644 2521; x_wconf 84' lang='lat' dir='ltr'>&#39;in</span> <span class='ocrx_word' id='word_1_199' title='bbox 1663 2461 1798 2544; x_wconf 81' lang='lat' dir='ltr'>gratiam</span> <span class='ocrx_word' id='word_1_200' title='bbox 1816 2459 1986 2524; x_wconf 81' lang='lat' dir='ltr'>radissrat</span> <span class='ocrx_word' id='word_1_201' title='bbox 2001 2459 2041 2538; x_wconf 78' lang='lat'>⁸).</span> 
     </span>
     <span class='ocr_line' id='line_1_20' title="bbox 494 2551 2044 2648; baseline -0.001 -27"><span class='ocrx_word' id='word_1_202' title='bbox 494 2559 670 2624; x_wconf 87' lang='lat' dir='ltr'>steriorem</span> <span class='ocrx_word' id='word_1_203' title='bbox 700 2563 771 2624; x_wconf 90' lang='lat' dir='ltr'>aliis</span> <span class='ocrx_word' id='word_1_204' title='bbox 800 2564 833 2625; x_wconf 88' lang='lat' dir='ltr'>in</span> <span class='ocrx_word' id='word_1_205' title='bbox 856 2564 919 2627; x_wconf 86' lang='lat' dir='ltr'>hoc</span> <span class='ocrx_word' id='word_1_206' title='bbox 941 2581 1040 2627; x_wconf 88' lang='lat' dir='ltr'>numo</span> <span class='ocrx_word' id='word_1_207' title='bbox 1061 2581 1240 2648; x_wconf 79' lang='lat' dir='ltr'>agnoscen-</span> <span class='ocrx_word' id='word_1_208' title='bbox 1295 2557 1529 2647; x_wconf 82' lang='lat' dir='ltr'>Praeterquam</span> <span class='ocrx_word' id='word_1_209' title='bbox 1553 2555 1641 2647; x_wconf 85' lang='lat' dir='ltr'>quod</span> <span class='ocrx_word' id='word_1_210' title='bbox 1662 2551 1870 2626; x_wconf 57' lang='lat' dir='ltr'>nulla&#39;nixus</span> <span class='ocrx_word' id='word_1_211' title='bbox 1893 2572 2044 2626; x_wconf 77' lang='lat' dir='ltr'>veteram</span> 
     </span>
     <span class='ocr_line' id='line_1_21' title="bbox 492 2648 2043 2751; baseline -0.001 -27"><span class='ocrx_word' id='word_1_212' title='bbox 492 2659 591 2726; x_wconf 85' lang='lat' dir='ltr'>tibus.</span> <span class='ocrx_word' id='word_1_213' title='bbox 634 2661 743 2727; x_wconf 84' lang='lat' dir='ltr'>Hodie</span> <span class='ocrx_word' id='word_1_214' title='bbox 775 2677 882 2728; x_wconf 88' lang='lat' dir='ltr'>tamen</span> <span class='ocrx_word' id='word_1_215' title='bbox 914 2663 1149 2751; x_wconf 81' lang='lat' dir='ltr'>antiquarii&#39;in</span> <span class='ocrx_word' id='word_1_216' title='bbox 1179 2665 1241 2725; x_wconf 81' lang='lat' dir='ltr'>Ar·</span> <span class='ocrx_word' id='word_1_217' title='bbox 1291 2648 1488 2728; x_wconf 77' lang='lat' dir='ltr'>auctoritate</span> <span class='ocrx_word' id='word_1_218' title='bbox 1511 2653 1598 2727; x_wconf 82' lang='lat' dir='ltr'>istud</span> <span class='ocrx_word' id='word_1_219' title='bbox 1621 2665 1757 2740; x_wconf 79' lang='lat' dir='ltr'>adserit,</span> <span class='ocrx_word' id='word_1_220' title='bbox 1784 2679 1825 2728; x_wconf 87' lang='lat' dir='ltr'>atr</span> <span class='ocrx_word' id='word_1_221' title='bbox 1855 2651 2043 2736; x_wconf 79' lang='lat' dir='ltr'>verisimile,</span> 
     </span>
     <span class='ocr_line' id='line_1_22' title="bbox 493 2761 2043 2850; baseline -0.001 -24"><span class='ocrx_word' id='word_1_222' title='bbox 493 2761 587 2827; x_wconf 83' lang='lat' dir='ltr'>sinos</span> <span class='ocrx_word' id='word_1_223' title='bbox 605 2765 645 2828; x_wconf 88' lang='lat' dir='ltr'>ll.</span> <span class='ocrx_word' id='word_1_224' title='bbox 667 2763 739 2826; x_wconf 86' lang='lat' dir='ltr'>fera</span> <span class='ocrx_word' id='word_1_225' title='bbox 760 2767 987 2850; x_wconf 85' lang='lat' dir='ltr'>acquiescunt,</span> <span class='ocrx_word' id='word_1_226' title='bbox 1003 2779 1042 2828; x_wconf 89' lang='lat' dir='ltr'>et</span> <span class='ocrx_word' id='word_1_227' title='bbox 1060 2765 1239 2830; x_wconf 79' lang='lat' dir='ltr'>verisimile</span> <span class='ocrx_word' id='word_1_228' title='bbox 1286 2763 1522 2828; x_wconf 68' lang='lat' dir='ltr'>eusteniam</span> <span class='ocrx_word' id='word_1_229' title='bbox 1553 2769 1592 2828; x_wconf 74' lang='lat' dir='ltr'>lh</span> <span class='ocrx_word' id='word_1_230' title='bbox 1623 2785 1720 2828; x_wconf 81' lang='lat' dir='ltr'>cansa</span> <span class='ocrx_word' id='word_1_231' title='bbox 1747 2765 1857 2830; x_wconf 85' lang='lat' dir='ltr'>fratris</span> <span class='ocrx_word' id='word_1_232' title='bbox 1886 2763 2043 2838; x_wconf 72' lang='lat' dir='ltr'>Carsani3</span> 
     </span>
     <span class='ocr_line' id='line_1_23' title="bbox 493 2862 2043 2951; baseline 0.001 -27"><span class='ocrx_word' id='word_1_233' title='bbox 493 2862 581 2949; x_wconf 85' lang='lat' dir='ltr'>¹istud</span> <span class='ocrx_word' id='word_1_234' title='bbox 609 2879 745 2948; x_wconf 87' lang='lat' dir='ltr'>propter</span> <span class='ocrx_word' id='word_1_235' title='bbox 767 2866 995 2932; x_wconf 82' lang='lat' dir='ltr'>incredibilem</span> <span class='ocrx_word' id='word_1_236' title='bbox 1017 2881 1051 2930; x_wconf 87' lang='lat' dir='ltr'>et</span> <span class='ocrx_word' id='word_1_237' title='bbox 1072 2867 1239 2950; x_wconf 78' lang='lat' dir='ltr'>cognitum</span> <span class='ocrx_word' id='word_1_238' title='bbox 1297 2885 1413 2951; x_wconf 88' lang='lat' dir='ltr'>quem,</span> <span class='ocrx_word' id='word_1_239' title='bbox 1444 2867 1506 2930; x_wconf 77' lang='lat' dir='ltr'>etsi</span> <span class='ocrx_word' id='word_1_240' title='bbox 1527 2865 1616 2930; x_wconf 73' lang='lat' dir='ltr'>forte</span> <span class='ocrx_word' id='word_1_241' title='bbox 1638 2867 1791 2930; x_wconf 81' lang='lat' dir='ltr'>&#39;simulate</span> <span class='ocrx_word' id='word_1_242' title='bbox 1809 2867 1971 2942; x_wconf 87' lang='lat' dir='ltr'>amicum,</span> <span class='ocrx_word' id='word_1_243' title='bbox 1999 2875 2043 2926; x_wconf 78' lang='lat' dir='ltr'>ti·</span> 
     </span>
     <span class='ocr_line' id='line_1_24' title="bbox 492 2963 2044 3055; baseline 0 -29"><span class='ocrx_word' id='word_1_244' title='bbox 492 2963 703 3049; x_wconf 78' lang='lat' dir='ltr'><strong>Philadelphi</strong></span> <span class='ocrx_word' id='word_1_245' title='bbox 723 2965 757 3027; x_wconf 92' lang='lat' dir='ltr'>in</span> <span class='ocrx_word' id='word_1_246' title='bbox 779 2987 927 3032; x_wconf 88' lang='lat' dir='ltr'>sororem</span> <span class='ocrx_word' id='word_1_247' title='bbox 950 2967 1129 3046; x_wconf 82' lang='lat' dir='ltr'>adiectum,</span> <span class='ocrx_word' id='word_1_248' title='bbox 1155 2989 1239 3054; x_wconf 84' lang='lat' dir='ltr'>quae</span> <span class='ocrx_word' id='word_1_249' title='bbox 1296 2985 1372 3030; x_wconf 88' lang='lat' dir='ltr'>men</span> <span class='ocrx_word' id='word_1_250' title='bbox 1390 2968 1476 3055; x_wconf 83' lang='lat' dir='ltr'>qnod</span> <span class='ocrx_word' id='word_1_251' title='bbox 1495 2990 1512 3032; x_wconf 87' lang='lat' dir='ltr'>a</span> <span class='ocrx_word' id='word_1_252' title='bbox 1534 2982 1670 3051; x_wconf 84' lang='lat' dir='ltr'>paterno</span> <span class='ocrx_word' id='word_1_253' title='bbox 1686 2971 1828 3054; x_wconf 74' lang='lat' dir='ltr'>Aegypti</span> <span class='ocrx_word' id='word_1_254' title='bbox 1853 2985 1959 3053; x_wconf 79' lang='lat' dir='ltr'>regno</span> <span class='ocrx_word' id='word_1_255' title='bbox 1979 2965 2044 3029; x_wconf 86' lang='lat' dir='ltr'>sihi</span> 
     </span>
     <span class='ocr_line' id='line_1_25' title="bbox 493 3065 2044 3154; baseline -0.001 -23"><span class='ocrx_word' id='word_1_256' title='bbox 493 3085 589 3132; x_wconf 86' lang='lat' dir='ltr'>causa</span> <span class='ocrx_word' id='word_1_257' title='bbox 615 3065 693 3146; x_wconf 84' lang='lat' dir='ltr'>init,</span> <span class='ocrx_word' id='word_1_258' title='bbox 720 3087 780 3133; x_wconf 91' lang='lat' dir='ltr'>cnr</span> <span class='ocrx_word' id='word_1_259' title='bbox 801 3069 1039 3153; x_wconf 78' lang='lat' dir='ltr'>Philadelphus</span> <span class='ocrx_word' id='word_1_260' title='bbox 1058 3084 1097 3133; x_wconf 86' lang='lat' dir='ltr'>et</span> <span class='ocrx_word' id='word_1_261' title='bbox 1121 3071 1239 3154; x_wconf 89' lang='lat' dir='ltr'>passim</span> <span class='ocrx_word' id='word_1_262' title='bbox 1284 3070 1368 3154; x_wconf 65' lang='lat' dir='ltr'>iure</span> <span class='ocrx_word' id='word_1_263' title='bbox 1398 3070 1510 3136; x_wconf 84' lang='lat' dir='ltr'>debito</span> <span class='ocrx_word' id='word_1_264' title='bbox 1543 3072 1694 3136; x_wconf 76' lang='lat' dir='ltr'>exclusus</span> <span class='ocrx_word' id='word_1_265' title='bbox 1710 3071 1845 3149; x_wconf 76' lang='lat' dir='ltr'>inerat,</span> <span class='ocrx_word' id='word_1_266' title='bbox 1876 3068 2044 3134; x_wconf 78' lang='lat' dir='ltr'>inimicam</span> 
     </span>
     <span class='ocr_line' id='line_1_26' title="bbox 411 3165 2045 3264; baseline -0.001 -32"><span class='ocrx_word' id='word_1_267' title='bbox 411 3223 421 3246; x_wconf 80' lang='grc'>,</span> <span class='ocrx_word' id='word_1_268' title='bbox 493 3171 736 3254; x_wconf 76' lang='lat' dir='ltr'>appellaretur,</span> <span class='ocrx_word' id='word_1_269' title='bbox 767 3185 800 3235; x_wconf 85' lang='lat' dir='ltr'>et</span> <span class='ocrx_word' id='word_1_270' title='bbox 821 3172 854 3234; x_wconf 89' lang='lat' dir='ltr'>in</span> <span class='ocrx_word' id='word_1_271' title='bbox 877 3171 983 3234; x_wconf 82' lang='lat' dir='ltr'>nuruis</span> <span class='ocrx_word' id='word_1_272' title='bbox 1012 3172 1239 3256; x_wconf 82' lang='lat' dir='ltr'>praesentibus</span> <span class='ocrx_word' id='word_1_273' title='bbox 1294 3171 1360 3234; x_wconf 88' lang='lat' dir='ltr'>sihi</span> <span class='ocrx_word' id='word_1_274' title='bbox 1382 3165 1534 3236; x_wconf 56' lang='lat' dir='ltr'>tanatos</span> <span class='ocrx_word' id='word_1_275' title='bbox 1554 3192 1687 3264; x_wconf 72' lang='lat' dir='ltr'>sperare</span> <span class='ocrx_word' id='word_1_276' title='bbox 1710 3175 1845 3250; x_wconf 71' lang='lat' dir='ltr'>debuit,</span> <span class='ocrx_word' id='word_1_277' title='bbox 1879 3169 2045 3234; x_wconf 85' lang='lat' dir='ltr'>Philadel-</span> 
     </span>
     <span class='ocr_line' id='line_1_27' title="bbox 492 3271 2042 3359; baseline -0.001 -25"><span class='ocrx_word' id='word_1_278' title='bbox 492 3271 707 3341; x_wconf 77' lang='lat' dir='ltr'>scriberetur.</span> <span class='ocrx_word' id='word_1_279' title='bbox 740 3271 868 3338; x_wconf 84' lang='lat' dir='ltr'>Literaa</span> <span class='ocrx_word' id='word_1_280' title='bbox 891 3275 1051 3338; x_wconf 79' lang='lat' dir='ltr'>solitarias</span> <span class='ocrx_word' id='word_1_281' title='bbox 1069 3277 1170 3358; x_wconf 89' lang='lat' dir='ltr'>partis</span> <span class='ocrx_word' id='word_1_282' title='bbox 1187 3295 1241 3337; x_wconf 90' lang='lat' dir='ltr'>an·</span> <span class='ocrx_word' id='word_1_283' title='bbox 1295 3273 1397 3359; x_wconf 76' lang='lat' dir='ltr'>phuni</span> <span class='ocrx_word' id='word_1_284' title='bbox 1419 3295 1454 3338; x_wconf 86' lang='lat' dir='ltr'>se</span> <span class='ocrx_word' id='word_1_285' title='bbox 1477 3276 1619 3342; x_wconf 80' lang='lat' dir='ltr'>voluisse</span> <span class='ocrx_word' id='word_1_286' title='bbox 1640 3275 1827 3357; x_wconf 84' lang='lat' dir='ltr'>appellare,</span> <span class='ocrx_word' id='word_1_287' title='bbox 1857 3285 1893 3335; x_wconf 87' lang='lat' dir='ltr'>at</span> <span class='ocrx_word' id='word_1_288' title='bbox 1916 3285 2042 3336; x_wconf 82' lang='lat' dir='ltr'>taccam</span> 
     </span>
     <span class='ocr_line' id='line_1_28' title="bbox 492 3373 2044 3460; baseline 0 -24"><span class='ocrx_word' id='word_1_289' title='bbox 492 3373 578 3438; x_wconf 89' lang='lat' dir='ltr'>ticae</span> <span class='ocrx_word' id='word_1_290' title='bbox 597 3373 788 3442; x_wconf 80' lang='lat' dir='ltr'>Vaillantins</span> <span class='ocrx_word' id='word_1_291' title='bbox 805 3395 898 3438; x_wconf 89' lang='lat' dir='ltr'>more</span> <span class='ocrx_word' id='word_1_292' title='bbox 915 3394 975 3438; x_wconf 90' lang='lat' dir='ltr'>suo</span> <span class='ocrx_word' id='word_1_293' title='bbox 995 3375 1170 3460; x_wconf 72' lang='grc' dir='ltr'>ἀρχωεσας</span> <span class='ocrx_word' id='word_1_294' title='bbox 1187 3393 1241 3438; x_wconf 85' lang='lat' dir='ltr'>ur·</span> <span class='ocrx_word' id='word_1_295' title='bbox 1292 3375 1482 3438; x_wconf 70' lang='lat' dir='ltr'>Consanum</span> <span class='ocrx_word' id='word_1_296' title='bbox 1499 3390 1637 3460; x_wconf 75' lang='lat' dir='ltr'>propter</span> <span class='ocrx_word' id='word_1_297' title='bbox 1656 3375 1813 3438; x_wconf 73' lang='lat' dir='ltr'>nefariam</span> <span class='ocrx_word' id='word_1_298' title='bbox 1830 3373 1967 3439; x_wconf 88' lang='lat' dir='ltr'>caedem</span> <span class='ocrx_word' id='word_1_299' title='bbox 1985 3373 2044 3436; x_wconf 85' lang='lat' dir='ltr'>So·</span> 
     </span>
     <span class='ocr_line' id='line_1_29' title="bbox 433 3473 2042 3562; baseline 0 -25"><span class='ocrx_word' id='word_1_300' title='bbox 433 3509 437 3516; x_wconf 93' lang='lat'><em>·</em></span> <span class='ocrx_word' id='word_1_301' title='bbox 491 3474 582 3538; x_wconf 89' lang='lat' dir='ltr'>hinm</span> <span class='ocrx_word' id='word_1_302' title='bbox 600 3475 745 3554; x_wconf 83' lang='lat' dir='ltr'>iacit,in</span> <span class='ocrx_word' id='word_1_303' title='bbox 764 3477 879 3562; x_wconf 80' lang='lat' dir='ltr'>quihus</span> <span class='ocrx_word' id='word_1_304' title='bbox 897 3476 1121 3558; x_wconf 68' lang='lat' dir='ltr'>sigwinum,</span> <span class='ocrx_word' id='word_1_305' title='bbox 1143 3491 1238 3562; x_wconf 84' lang='lat' dir='ltr'>quum</span> <span class='ocrx_word' id='word_1_306' title='bbox 1293 3473 1403 3550; x_wconf 84' lang='lat' dir='ltr'>leuci,</span> <span class='ocrx_word' id='word_1_307' title='bbox 1444 3485 1479 3539; x_wconf 86' lang='lat' dir='ltr'>s&#39;t</span> <span class='ocrx_word' id='word_1_308' title='bbox 1505 3477 1688 3540; x_wconf 83' lang='lat' dir='ltr'>liberorum</span> <span class='ocrx_word' id='word_1_309' title='bbox 1712 3475 1901 3557; x_wconf 79' lang='lat' dir='ltr'>Lysimachi</span> <span class='ocrx_word' id='word_1_310' title='bbox 1938 3474 2042 3560; x_wconf 86' lang='lat' dir='ltr'>publi·</span> 
     </span>
     <span class='ocr_line' id='line_1_30' title="bbox 485 3567 2043 3662; baseline -0.004 -18"><span class='ocrx_word' id='word_1_311' title='bbox 485 3576 687 3644; x_wconf 68' lang='lat' dir='ltr'>sententiam</span> <span class='ocrx_word' id='word_1_312' title='bbox 708 3577 781 3660; x_wconf 88' lang='lat' dir='ltr'>jure</span> <span class='ocrx_word' id='word_1_313' title='bbox 800 3575 923 3641; x_wconf 79' lang='lat' dir='ltr'>fastidit</span> <span class='ocrx_word' id='word_1_314' title='bbox 939 3567 1241 3653; x_wconf 43' lang='lat' dir='ltr'>Pellerininsisad-</span> <span class='ocrx_word' id='word_1_315' title='bbox 1289 3589 1334 3639; x_wconf 78' lang='lat' dir='ltr'>ca</span> <span class='ocrx_word' id='word_1_316' title='bbox 1360 3574 1491 3642; x_wconf 76' lang='lat' dir='ltr'>infamia</span> <span class='ocrx_word' id='word_1_317' title='bbox 1516 3590 1682 3654; x_wconf 85' lang='lat' dir='ltr'>notatum,</span> <span class='ocrx_word' id='word_1_318' title='bbox 1712 3591 1747 3642; x_wconf 90' lang='lat' dir='ltr'>et</span> <span class='ocrx_word' id='word_1_319' title='bbox 1768 3579 1879 3661; x_wconf 87' lang='lat' dir='ltr'>paullo</span> <span class='ocrx_word' id='word_1_320' title='bbox 1902 3592 1976 3662; x_wconf 87' lang='lat' dir='ltr'>post</span> <span class='ocrx_word' id='word_1_321' title='bbox 2003 3574 2043 3640; x_wconf 88' lang='lat' dir='ltr'>ab</span> 
     </span>
     <span class='ocr_line' id='line_1_31' title="bbox 493 3674 2043 3763; baseline 0.002 -25"><span class='ocrx_word' id='word_1_322' title='bbox 493 3675 623 3759; x_wconf 65' lang='lat' dir='ltr'>dicque,</span> <span class='ocrx_word' id='word_1_323' title='bbox 647 3676 758 3743; x_wconf 78' lang='lat' dir='ltr'>sideri</span> <span class='ocrx_word' id='word_1_324' title='bbox 775 3678 842 3740; x_wconf 86' lang='lat' dir='ltr'>illis</span> <span class='ocrx_word' id='word_1_325' title='bbox 863 3675 1000 3756; x_wconf 77' lang='lat' dir='ltr'>indicari</span> <span class='ocrx_word' id='word_1_326' title='bbox 1020 3695 1120 3740; x_wconf 88' lang='lat' dir='ltr'>annos</span> <span class='ocrx_word' id='word_1_327' title='bbox 1142 3677 1239 3760; x_wconf 76' lang='lat' dir='ltr'>regni</span> <span class='ocrx_word' id='word_1_328' title='bbox 1292 3674 1494 3742; x_wconf 82' lang='lat' dir='ltr'>irruentibus</span> <span class='ocrx_word' id='word_1_329' title='bbox 1517 3681 1552 3742; x_wconf 91' lang='lat' dir='ltr'>in</span> <span class='ocrx_word' id='word_1_330' title='bbox 1574 3679 1799 3744; x_wconf 75' lang='lat' dir='ltr'>Macedoniam</span> <span class='ocrx_word' id='word_1_331' title='bbox 1824 3679 1928 3744; x_wconf 89' lang='lat' dir='ltr'>Gallis</span> <span class='ocrx_word' id='word_1_332' title='bbox 1950 3679 2043 3763; x_wconf 76' lang='lat' dir='ltr'>jugu-</span> 
     </span>
     <span class='ocr_line' id='line_1_32' title="bbox 492 3777 2042 3877; baseline 0 -37"><span class='ocrx_word' id='word_1_333' title='bbox 492 3777 713 3861; x_wconf 85' lang='lat' dir='ltr'>Philadclphi.</span> <span class='ocrx_word' id='word_1_334' title='bbox 736 3779 860 3845; x_wconf 70' lang='lat' dir='ltr'>Verum</span> <span class='ocrx_word' id='word_1_335' title='bbox 881 3779 1238 3863; x_wconf 71' lang='lat' dir='ltr'>qucpactchttctars</span> <span class='ocrx_word' id='word_1_336' title='bbox 1294 3777 1420 3842; x_wconf 79' lang='lat' dir='ltr'>latum?</span> <span class='ocrx_word' id='word_1_337' title='bbox 1451 3779 1526 3877; x_wconf 76' lang='lat' dir='ltr'>Quo</span> <span class='ocrx_word' id='word_1_338' title='bbox 1552 3795 1637 3847; x_wconf 68' lang='lat' dir='ltr'>vtro</span> <span class='ocrx_word' id='word_1_339' title='bbox 1663 3783 1772 3849; x_wconf 76' lang='lat' dir='ltr'>animo</span> <span class='ocrx_word' id='word_1_340' title='bbox 1798 3783 1939 3846; x_wconf 76' lang='lat' dir='ltr'>Arsinoe</span> <span class='ocrx_word' id='word_1_341' title='bbox 1966 3777 2042 3842; x_wconf 90' lang='lat' dir='ltr'><strong>Phi·</strong></span> 
     </span>
     <span class='ocr_line' id='line_1_33' title="bbox 493 3879 2042 3966; baseline 0.001 -23"><span class='ocrx_word' id='word_1_342' title='bbox 493 3893 604 3964; x_wconf 70' lang='lat' dir='ltr'>potest</span> <span class='ocrx_word' id='word_1_343' title='bbox 620 3879 1239 3966; x_wconf 77' lang='lat' dir='ltr'>annuml.&#39;Philadelphiinnnmohr-</span> <span class='ocrx_word' id='word_1_344' title='bbox 1293 3881 1443 3965; x_wconf 82' lang='lat' dir='ltr'>ludolphi</span> <span class='ocrx_word' id='word_1_345' title='bbox 1470 3883 1598 3946; x_wconf 85' lang='lat' dir='ltr'>titulum</span> <span class='ocrx_word' id='word_1_346' title='bbox 1626 3885 1667 3949; x_wconf 89' lang='lat' dir='ltr'>ab</span> <span class='ocrx_word' id='word_1_347' title='bbox 1697 3905 1810 3949; x_wconf 88' lang='lat' dir='ltr'>amore</span> <span class='ocrx_word' id='word_1_348' title='bbox 1841 3885 1873 3947; x_wconf 90' lang='lat' dir='ltr'>in</span> <span class='ocrx_word' id='word_1_349' title='bbox 1904 3882 2042 3946; x_wconf 76' lang='lat' dir='ltr'>tramam</span> 
     </span>
     <span class='ocr_line' id='line_1_34' title="bbox 494 3983 2041 4072; baseline -0.001 -27"><span class='ocrx_word' id='word_1_350' title='bbox 494 3984 605 4046; x_wconf 85' lang='lat' dir='ltr'>sinoes</span> <span class='ocrx_word' id='word_1_351' title='bbox 627 3983 780 4061; x_wconf 78' lang='lat' dir='ltr'>alterins,</span> <span class='ocrx_word' id='word_1_352' title='bbox 809 4001 892 4069; x_wconf 88' lang='lat' dir='ltr'>qnae</span> <span class='ocrx_word' id='word_1_353' title='bbox 916 3985 1024 4070; x_wconf 89' lang='lat' dir='ltr'>primo</span> <span class='ocrx_word' id='word_1_354' title='bbox 1047 3983 1111 4048; x_wconf 91' lang='lat' dir='ltr'>hoc</span> <span class='ocrx_word' id='word_1_355' title='bbox 1132 3983 1242 4050; x_wconf 82' lang='lat' dir='ltr'>Phila·</span> <span class='ocrx_word' id='word_1_356' title='bbox 1291 3985 1483 4048; x_wconf 79' lang='lat' dir='ltr'>‘Cctnuuam</span> <span class='ocrx_word' id='word_1_357' title='bbox 1504 3987 1639 4072; x_wconf 84' lang='lat' dir='ltr'>petitum</span> <span class='ocrx_word' id='word_1_358' title='bbox 1661 3989 1770 4051; x_wconf 82' lang='lat' dir='ltr'>numia</span> <span class='ocrx_word' id='word_1_359' title='bbox 1795 3988 1862 4051; x_wconf 85' lang='lat' dir='ltr'>suis</span> <span class='ocrx_word' id='word_1_360' title='bbox 1885 3983 2041 4058; x_wconf 74' lang='lat' dir='ltr'>iniereat,</span> 
     </span>
     <span class='ocr_line' id='line_1_35' title="bbox 486 4083 2042 4175; baseline -0.004 -23"><span class='ocrx_word' id='word_1_361' title='bbox 486 4083 609 4169; x_wconf 75' lang='lat' dir='ltr'>,delphi</span> <span class='ocrx_word' id='word_1_362' title='bbox 631 4105 733 4158; x_wconf 76' lang='lat' dir='ltr'>anno.</span> <span class='ocrx_word' id='word_1_363' title='bbox 760 4097 797 4150; x_wconf 86' lang='lat' dir='ltr'>et</span> <span class='ocrx_word' id='word_1_364' title='bbox 818 4085 944 4173; x_wconf 81' lang='lat' dir='ltr'>aliquot</span> <span class='ocrx_word' id='word_1_365' title='bbox 965 4085 1239 4174; x_wconf 77' lang='lat' dir='ltr'>consequentibns</span> <span class='ocrx_word' id='word_1_366' title='bbox 1297 4105 1381 4172; x_wconf 86' lang='lat' dir='ltr'>quae</span> <span class='ocrx_word' id='word_1_367' title='bbox 1404 4103 1479 4171; x_wconf 86' lang='lat' dir='ltr'>post</span> <span class='ocrx_word' id='word_1_368' title='bbox 1502 4089 1610 4154; x_wconf 89' lang='lat' dir='ltr'>mariti</span> <span class='ocrx_word' id='word_1_369' title='bbox 1632 4088 1818 4175; x_wconf 75' lang='lat' dir='ltr'>Lysimachi</span> <span class='ocrx_word' id='word_1_370' title='bbox 1840 4085 1976 4150; x_wconf 81' lang='lat' dir='ltr'>caedem</span> <span class='ocrx_word' id='word_1_371' title='bbox 2001 4083 2042 4149; x_wconf 86' lang='lat' dir='ltr'>ab</span> 
     </span>
     <span class='ocr_line' id='line_1_36' title="bbox 493 4185 2041 4282; baseline -0.003 -31"><span class='ocrx_word' id='word_1_372' title='bbox 493 4187 601 4252; x_wconf 85' lang='lat' dir='ltr'>adhuc</span> <span class='ocrx_word' id='word_1_373' title='bbox 620 4185 813 4270; x_wconf 82' lang='lat' dir='ltr'>Lysimacho</span> <span class='ocrx_word' id='word_1_374' title='bbox 832 4187 1040 4273; x_wconf 69' lang='lat' dir='ltr'>nuptafuitl</span> <span class='ocrx_word' id='word_1_375' title='bbox 1072 4187 1240 4282; x_wconf 81' lang='lat' dir='ltr'>Quidquid</span> <span class='ocrx_word' id='word_1_376' title='bbox 1295 4187 1360 4253; x_wconf 89' lang='lat' dir='ltr'>hoc</span> <span class='ocrx_word' id='word_1_377' title='bbox 1387 4191 1556 4269; x_wconf 80' lang='lat' dir='ltr'>Cerauno,</span> <span class='ocrx_word' id='word_1_378' title='bbox 1584 4189 1686 4255; x_wconf 76' lang='lat' dir='ltr'>fratte</span> <span class='ocrx_word' id='word_1_379' title='bbox 1709 4211 1768 4254; x_wconf 90' lang='lat' dir='ltr'>sno</span> <span class='ocrx_word' id='word_1_380' title='bbox 1791 4206 1967 4274; x_wconf 79' lang='lat' dir='ltr'>germano,</span> <span class='ocrx_word' id='word_1_381' title='bbox 1999 4186 2041 4248; x_wconf 85' lang='lat' dir='ltr'>si·</span> 
     </span>
     <span class='ocr_line' id='line_1_37' title="bbox 495 4287 2040 4377; baseline 0.001 -27"><span class='ocrx_word' id='word_1_382' title='bbox 495 4287 577 4365; x_wconf 86' lang='lat' dir='ltr'>erit,</span> <span class='ocrx_word' id='word_1_383' title='bbox 598 4288 686 4353; x_wconf 86' lang='lat' dir='ltr'>istud</span> <span class='ocrx_word' id='word_1_384' title='bbox 702 4303 845 4370; x_wconf 85' lang='lat' dir='ltr'>certum,</span> <span class='ocrx_word' id='word_1_385' title='bbox 867 4311 969 4356; x_wconf 86' lang='lat' dir='ltr'>annos</span> <span class='ocrx_word' id='word_1_386' title='bbox 987 4291 1238 4377; x_wconf 73' lang='lat' dir='ltr'>rogniindicari</span> <span class='ocrx_word' id='word_1_387' title='bbox 1291 4294 1417 4357; x_wconf 75' lang='lat' dir='ltr'>moleto</span> <span class='ocrx_word' id='word_1_388' title='bbox 1447 4313 1558 4357; x_wconf 85' lang='lat' dir='ltr'>amore</span> <span class='ocrx_word' id='word_1_389' title='bbox 1586 4294 1619 4354; x_wconf 89' lang='lat' dir='ltr'>in</span> <span class='ocrx_word' id='word_1_390' title='bbox 1651 4293 1891 4356; x_wconf 81' lang='lat' dir='ltr'>matrimonium</span> <span class='ocrx_word' id='word_1_391' title='bbox 1924 4289 2040 4374; x_wconf 82' lang='lat' dir='ltr'>petita,</span> 
     </span>
     <span class='ocr_line' id='line_1_38' title="bbox 487 4387 2041 4479; baseline -0.001 -28"><span class='ocrx_word' id='word_1_392' title='bbox 487 4391 527 4451; x_wconf 90' lang='lat' dir='ltr'>in</span> <span class='ocrx_word' id='word_1_393' title='bbox 547 4392 673 4468; x_wconf 84' lang='lat' dir='ltr'>numia,</span> <span class='ocrx_word' id='word_1_394' title='bbox 693 4413 831 4478; x_wconf 86' lang='lat' dir='ltr'>qnorum</span> <span class='ocrx_word' id='word_1_395' title='bbox 849 4393 1109 4477; x_wconf 77' lang='lat' dir='ltr'>poitremoloco</span> <span class='ocrx_word' id='word_1_396' title='bbox 1128 4395 1239 4457; x_wconf 84' lang='lat' dir='ltr'>memi-</span> <span class='ocrx_word' id='word_1_397' title='bbox 1294 4411 1370 4458; x_wconf 87' lang='lat' dir='ltr'>curn</span> <span class='ocrx_word' id='word_1_398' title='bbox 1403 4397 1586 4479; x_wconf 86' lang='lat' dir='ltr'>nuptiarum</span> <span class='ocrx_word' id='word_1_399' title='bbox 1626 4395 1697 4458; x_wconf 88' lang='lat' dir='ltr'>dies</span> <span class='ocrx_word' id='word_1_400' title='bbox 1732 4405 1921 4478; x_wconf 84' lang='lat' dir='ltr'>appeteret,</span> <span class='ocrx_word' id='word_1_401' title='bbox 1958 4387 2041 4453; x_wconf 83' lang='lat' dir='ltr'>sidit</span> 
     </span>
     <span class='ocr_line' id='line_1_39' title="bbox 494 4489 2040 4581; baseline -0.001 -28"><span class='ocrx_word' id='word_1_402' title='bbox 494 4493 547 4568; x_wconf 86' lang='lat' dir='ltr'>ni,</span> <span class='ocrx_word' id='word_1_403' title='bbox 578 4507 715 4577; x_wconf 86' lang='lat' dir='ltr'>propter</span> <span class='ocrx_word' id='word_1_404' title='bbox 744 4495 924 4580; x_wconf 83' lang='lat' dir='ltr'>praefixum</span> <span class='ocrx_word' id='word_1_405' title='bbox 953 4497 1013 4570; x_wconf 79' lang='lat' dir='ltr'>L..</span> <span class='ocrx_word' id='word_1_406' title='bbox 1052 4509 1085 4560; x_wconf 84' lang='lat' dir='ltr'>et</span> <span class='ocrx_word' id='word_1_407' title='bbox 1114 4495 1238 4562; x_wconf 85' lang='lat' dir='ltr'>habers</span> <span class='ocrx_word' id='word_1_408' title='bbox 1295 4517 1372 4561; x_wconf 86' lang='lat' dir='ltr'>snos</span> <span class='ocrx_word' id='word_1_409' title='bbox 1394 4497 1495 4581; x_wconf 86' lang='lat' dir='ltr'>ipsios</span> <span class='ocrx_word' id='word_1_410' title='bbox 1517 4517 1558 4562; x_wconf 78' lang='lat' dir='ltr'>aa</span> <span class='ocrx_word' id='word_1_411' title='bbox 1580 4497 1776 4580; x_wconf 84' lang='lat' dir='ltr'>Lysimacho</span> <span class='ocrx_word' id='word_1_412' title='bbox 1799 4510 1891 4559; x_wconf 87' lang='lat' dir='ltr'>natos</span> <span class='ocrx_word' id='word_1_413' title='bbox 1916 4489 2040 4556; x_wconf 86' lang='lat' dir='ltr'>liberos</span> 
     </span>
     <span class='ocr_line' id='line_1_40' title="bbox 488 4591 2038 4685; baseline -0.006 -23"><span class='ocrx_word' id='word_1_414' title='bbox 488 4613 555 4662; x_wconf 80' lang='lat' dir='ltr'>nos</span> <span class='ocrx_word' id='word_1_415' title='bbox 578 4593 660 4659; x_wconf 82' lang='lat' dir='ltr'>adeo</span> <span class='ocrx_word' id='word_1_416' title='bbox 680 4615 781 4660; x_wconf 88' lang='lat' dir='ltr'>annos</span> <span class='ocrx_word' id='word_1_417' title='bbox 802 4595 840 4658; x_wconf 87' lang='lat' dir='ltr'>B.</span> <span class='ocrx_word' id='word_1_418' title='bbox 862 4621 893 4674; x_wconf 72' lang='grc' dir='ltr'>ς.</span> <span class='ocrx_word' id='word_1_419' title='bbox 919 4613 953 4661; x_wconf 88' lang='lat' dir='ltr'>et</span> <span class='ocrx_word' id='word_1_420' title='bbox 975 4593 1051 4662; x_wconf 84' lang='grc' dir='ltr'>ΛΓ.</span> <span class='ocrx_word' id='word_1_421' title='bbox 1084 4599 1238 4664; x_wconf 79' lang='lat' dir='ltr'>Atesim</span> <span class='ocrx_word' id='word_1_422' title='bbox 1295 4620 1314 4662; x_wconf 86' lang='lat' dir='ltr'>a</span> <span class='ocrx_word' id='word_1_423' title='bbox 1340 4597 1468 4685; x_wconf 83' lang='lat' dir='ltr'>perfido</span> <span class='ocrx_word' id='word_1_424' title='bbox 1496 4619 1616 4684; x_wconf 87' lang='lat' dir='ltr'>sponso</span> <span class='ocrx_word' id='word_1_425' title='bbox 1644 4601 1677 4662; x_wconf 88' lang='lat' dir='ltr'>in</span> <span class='ocrx_word' id='word_1_426' title='bbox 1705 4619 1766 4662; x_wconf 88' lang='lat' dir='ltr'>sno</span> <span class='ocrx_word' id='word_1_427' title='bbox 1786 4599 1859 4660; x_wconf 87' lang='lat' dir='ltr'>sinu</span> <span class='ocrx_word' id='word_1_428' title='bbox 1880 4591 2038 4666; x_wconf 69' lang='lat' dir='ltr'>inimici,</span> 
     </span>
    </p>
   </div>
   <div class='ocr_carea' id='block_1_5' title="bbox 524 4800 848 4880">
    <p class='ocr_par' dir='ltr' id='par_1_5' title="bbox 524 4800 848 4880">
     <span class='ocr_line' id='line_1_41' title="bbox 524 4800 848 4880; baseline 0.043 -25"><span class='ocrx_word' id='word_1_429' title='bbox 524 4805 563 4866; x_wconf 76' lang='lat' dir='ltr'>al</span> <span class='ocrx_word' id='word_1_430' title='bbox 583 4800 657 4860; x_wconf 79' lang='lat' dir='ltr'>llisr.</span> <span class='ocrx_word' id='word_1_431' title='bbox 675 4803 746 4862; x_wconf 84' lang='lat' dir='ltr'>Ptol.</span> <span class='ocrx_word' id='word_1_432' title='bbox 765 4813 848 4880; x_wconf 81' lang='lat' dir='ltr'><strong>p·28·</strong></span> 
     </span>
    </p>
   </div>
   <div class='ocr_carea' id='block_1_6' title="bbox 0 0 2226 5558">
    <p class='ocr_par' dir='ltr' id='par_1_6' title="bbox 0 0 2226 5558">
     <span class='ocr_line' id='line_1_42' title="bbox 0 0 2226 5558; baseline 0 1"><span class='ocrx_word' id='word_1_433' title='bbox 0 0 2226 5558; x_wconf 95' lang='lat' dir='ltr'> </span> 
     </span>
    </p>
   </div>
  </div>
 </body>
</html>
